2967 4950
167 259 194 352 ΓΙ
287 260 375 418 {480
574 301 660 392 De
683 299 788 394 belis
813 257 1064 394 interueclur's‘
1173 285 1177 302 ¹
1329 224 1333 233 Γ

290 505 432 601 XXII,
468 504 540 608 58)
563 509 616 586 de
638 467 835 608 dignitate
843 510 956 610 atque
983 474 1142 612 inlperio
1174 472 1262 589 ιΓΓΓΓ
1279 531 1354 590 cer-

228 625 424 714 ·'.ratunr,
468 647 568 702 nunc
594 618 734 702 Poenis
758 623 1020 702 decertandum
1053 625 1123 702 fuit
1156 627 1202 704 de
1231 626 1351 705 salute.

290 736 397 820 Nihil
432 742 499 835 illo
527 738 627 815 bello
659 739 827 816 iniustius
851 739 942 830 luit,
978 761 1071 818 cunr
1097 738 1235 817 nulla·
1221 745 1352 819 iniuria

286 817 545 958 prouoeallent
561 839 763 940 Romanos.
793 868 934 943 contra,
966 870 1005 928 vt
1019 878 1040 930 a
1055 853 1091 930 se
1113 855 1203 932 belli
1219 858 1353 936 molent

287 980 515 1070 emouerent,
528 965 757 1071 iniquillrnris
773 950 961 1066 postulatis
976 965 1351 1061 satisfacerentPoeni

221 1085 225 1102 ¹
280 1102 357 1164 nec
381 1083 561 1160 baberent
577 1079 736 1160 Romani
755 1084 859 1180 quod
887 1084 1069 1195 conqueri
1096 1082 1275 1181 pollent,
1289 1085 1351 1163 nili

286 1200 424 1303 quod
415 1215 546 1275 uerum
572 1193 688 1273 Poeni
712 1181 949 1285 effloruillent
972 1199 1128 1296 opibus,
1159 1219 1255 1298 quae
1280 1200 1351 1276 illis

285 1311 512 1417 periculosae
535 1303 736 1410 aliquando
750 1308 820 1386 elle
841 1307 992 1410 pollent.
1028 1309 1181 1390 Diutius
1202 1335 1351 1412 quoque

175 1475 179 1484 ·
286 1452 437 1507 omnem
462 1426 716 1505 Romanorum
748 1427 921 1502 virtutem
955 1442 993 1502 et
1016 1449 1106 1525 opes
1132 1442 1196 1505 aut
1219 1427 1352 1505 eluluri

284 1561 348 1622 aut
371 1514 572 1624 sustentari
585 1535 730 1616 loiffent
756 1536 889 1626 Poeni,
926 1539 993 1615 'nifi
1018 1541 1144 1616 fraude
1168 1540 1280 1618 illeui
1308 1543 1352 1619 ad

283 1657 469 1760 pelliones
502 1653 568 1730 des
551 1649 781 1740 scendiffenn
815 1656 978 1753 quibus
985 1635 1352 1754 perfidusRomanus

284 1785 348 1868 bos
385 1771 492 1847 armis
524 1782 561 1844 et
591 1770 826 1866 apparatibus
851 1767 939 1846 belli
970 1769 1149 1867 spoliauit
1210 1767 1258 1846 At
1284 1772 1355 1848 Ru-

282 1890 372 1962 monl
387 1883 464 1966 hoc
481 1878 714 1980 Carthaginis
736 1883 885 1959 excidio
898 1885 1109 1988 proluseruni
1129 1887 1254 1962 amidio
1265 1888 1353 1988 suna

281 2000 392 2080 aruir
420 1998 518 2076 enini
548 1995 673 2084 inde
665 2020 703 2072 tn
737 1995 955 2101 immanium
982 2015 1176 2096 potentum
1202 2003 1353 2098 opibus,

279 2115 429 2195 licentia
456 2111 575 2212 plebis
598 2108 793 2201 suranna,
832 2135 905 2210 qua
931 2113 977 2188 ad
999 2135 1136 2212 remp,
1167 2115 1394 2225 ιιιιΓιΓΓΓιιιιιΓ

204 2222 232 2333 Τ
279 2232 486 2328 ambitione
517 2243 553 2302 et
576 2229 776 2325 cupiditate
805 2221 1076 2318 labefauaram,
1114 2231 1355 2309 euertendam
1393 2160 1394 2307 Γ

279 2347 390 2447 pauci
423 2343 636 2428 utebantur,
682 2340 882 2428 follianum
920 2344 1192 2444 certaminibus
1226 2348 1393 2420 omnia

250 2540 253 2545 ,
278 2451 536 2545 miscentibus
565 2480 637 2531 res
667 2478 788 2532 nouae
810 2478 852 2533 au
882 2470 1006 2533 motus
1031 2457 1161 2535 ciuiles
1186 2481 1253 2558 per
1280 2456 1352 2537 LX
1392 2392 1393 2500 Γ

277 2598 414 2661 annos,
443 2594 491 2647 ex
514 2546 571 2693 his
598 2570 692 2646 bella
711 2569 835 2647 ciuilia
856 2594 922 2670 per
949 2572 1040 2647 alios
1063 2568 1310 2649 LXauuos
1299 2598 1352 2651 rn-

274 2690 427 2788 iequuta
444 2672 553 2772 sunt,
573 2708 642 2773 nee
661 2658 763 2761 linita
777 2684 841 2761 nili
865 2683 1095 2778 nobilifftmis
1119 2683 1272 2763 familiis
1291 2703 1354 2764 aut

176 2786 181 2799 ’
275 2798 442 2881 εΓιιΓιιὲΓΓε
458 2815 521 2875 aut
541 2820 657 2921 opurn
680 2800 949 2907 copiarumque
972 2784 1167 2899 splendore
1184 2804 1352 2901 priuatis,

150 2998 152 3006 J
275 2909 432 3023 pellensis
457 2914 634 3043 quibus
629 2928 702 3009 que
736 2912 786 2989 ad
822 2912 984 3013 summos
1009 2913 1175 2993 bonores
1195 2911 1353 3005 coedis,

208 3026 213 3035 “
275 3032 385 3132 plebe
411 3026 587 3217 principis
611 3016 836 3103 satellitum
823 3030 970 3105 iniuriis
994 3030 1180 3118 obnoxia,
1207 3032 1355 3109 ιΓιιΓιιιιι

274 3148 433 3225 omniuo
457 3166 529 3219 ann
558 3166 577 3217 a
603 3140 780 3217 libertate

389 3258 442 3335 lta
470 3256 585 3333 mults
614 3254 683 3329 alia
715 3252 812 3333 bella
845 3251 1032 3353 gellerunt
1061 3254 1224 3335 Romani
1260 3280 1356 3337 cum

176 3434 179 3443 .
240 3398 250 3436 ··
273 3372 435 3475 populis,
463 3390 570 3471 quos,
597 3368 862 3451 iniullisarnr'is
881 3370 1357 3463 addeditionemadailon
1388 3383 1390 3478 Γ

272 3510 383 3575 mox,
425 3508 511 3562 cunr
538 3487 680 3576 iniuriis
705 3500 743 3561 et
777 3487 1035 3561 vexationibus
1062 3486 1266 3586 exasperati
1307 3487 1388 3600 ad

274 3625 385 3699 arma
395 3600 421 3677 ii
444 3611 611 3683 ruerent.
641 3614 817 3697 tanquam
833 3598 959 3676 rebelles
975 3601 1075 3676 bello
1088 3602 1243 3677 adorti
1234 3616 1355 3679 anter·

268 3716 430 3793 'necione
451 3712 678 3787 deleuerunt.
743 3710 800 3788 Est
821 3709 994 3789 baccilia
1020 3714 1172 3792 humani
1196 3720 1355 3813 generis

169 3873 175 3885 ·
271 3832 420 3923 fortuna
435 3848 615 3931 ,omnium
644 3816 860 3913 miserrima,
889 3828 1025 3927 quod
1015 3852 1066 3917 rs,
1105 3828 1169 3929 qui
1190 3831 1272 3905 vim
1298 3855 1355 3908 ro·
1386 3851 1387 3936 Γ

139 4030 144 4035 ,
269 3944 397 4026 iustam
419 3942 494 4041 pati
523 3938 663 4026 noluit,
694 3942 739 4017 ab
753 3940 893 4017 'iniusto
913 3940 1069 4021 domino
1088 3950 1354 4022 contumaciae

186 4091 191 4101 ·
271 4074 337 4137 aut
356 4054 530 4163 perfidiae
555 4074 676 4155 poena
697 4053 834 4152 dignus
861 4053 1027 4149 babetur.
1100 4054 1156 4135 lta
1181 4054 1355 4189 Romani

1073 4221 1083 4245 ι
1232 4188 1355 4251 anter·

1201 4394 1385 4653 ,Γ
