2967 4950
290 394 543 576 restituendi
554 420 779 549 stanuum
805 386 1043 605 republicae.
1136 465 1217 571 333'
1324 497 1338 541 .·

119 660 122 665 ’
145 686 252 741 more
274 664 321 742 ad
347 666 484 742 vicinas
508 654 680 765 qtias‘que
698 677 839 763 gentes‘
853 662 1081 740 circumferri
1101 663 1219 755 solita,
1252 706 1259 715 ·

143 780 217 854 iras
239 781 278 854 in
299 794 382 883 eos,
409 782 477 879 ¹qui
501 780 708 857 libertatem
735 781 893 856 retinere
915 780 1084 866 aaroni,
1106 802 1219 879 quarn

143 892 282 969 seruire
300 894 515 981 maluerant,
536 894 691 994 rapinas,
721 895 855 979 ruinas,
882 893 1037 987 excidia,
1069 893 1220 971 srviuaa

144 1029 232 1083 rum
264 1012 433 1106 gentium
472 1007 709 1096 moestitiam,
752 997 1133 1104 squalorem‚'salutis
1156 1007 1220 1085 dea

140 1120 409 1219 sperationem,
448 1120 626 1222 vitiorum
652 1121 857 1219 superbiam
879 1135 916 1195 et
938 1123 1219 1213 immanitatem,
1263 1191 1265 1198 .

125 1249 347 1339 captorum·
365 1234 572 1323 seruitium,
610 1238 757 1334 reputes
778 1227 833 1331 a).
884 1232 993 1326 Quo
1020 1234 1078 1325 sit,
1107 1250 1163 1325 vt,
1194 1236 1220 1314 ii

138 1346 241 1427 sorte
265 1372 313 1423 ex
336 1360 372 1423 tc
393 1346 631 1449 quaesiueris,
672 1340 783 1448 quem
809 1347 1032 1445 potissimum
1060 1349 1220 1427 frustum

141 1484 194 1537 ex
224 1484 264 1537 ea
290 1461 448 1538 lectione
470 1464 698 1565 perceperis,
738 1462 976 1551 vix‘babeam
1016 1461 1118 1563 quod
1144 1487 1248 1539 mear

139 1578 286 1663 morea,
317 1572 381 1651 uisr
400 1568 495 1651 forte
510 1576 603 1666 hoc,
639 1590 674 1653 te
692 1574 857 1652 miseram
875 1575 1111 1653 humanitatis
1131 1600 1222 1653 con·
1241 1622 1250 1657 ;
1308 1572 1314 1595 ’

139 1688 324 1766 ditionem
354 1680 402 1765 err
434 1690 626 1788 praeclaris
660 1688 717 1767 his
750 1691 949 1773 virtutibus
975 1705 1013 1768 et
1041 1684 1220 1771 virtutum

140 1802 314 1879 laudibus
330 1802 549 1905 perspesiam
569 1805 712 1882 habere.
748 1802 964 1914 Hocvnum
982 1819 1104 1882 tamen
1116 1817 1221 1906 praez
1254 1834 1263 1852 -·

142 1933 243 1994 terea
271 1910 476 2005 lucramur,
517 1921 622 2019 quod
656 1920 701 1995 ad
732 1942 793 2007 ea,
841 1924 936 2017 quae
968 1922 1092 1997 nostro
1124 1939 1219 1997 aeuo
1294 2011 1297 2015 ¹

142 2028 342 2121 eueniunt,
371 2056 448 2109 non
466 2022 754 2133 obstupescimus
781 2044 958 2132 tanquam
975 2034 1021 2109 ad
1042 2036 1218 2141 inaudita,
1351 2096 1355 2108 .

142 2170 214 2225 nec
240 2146 399 2235 nostram
423 2160 577 2251 aetatem
598 2145 807 2223 accusamus
831 2148 1005 2243 tanquam
1031 2162 1220 2247 corrupte·-

141 2259 187 2337 lis
209 2263 421 2350 maioribuS,
452 2262 568 2361 quani
582 2261 694 2337 vllam
713 2259 955 2359 superiorum,
974 2260 1216 2338 laborantem:
1243 2327 1246 2333 .
1277 2305 1283 2357 2

144 2376 245 2454 N'am
268 2374 331 2451 illa
349 2372 501 2464 utilitas,
531 2398 628 2476 quae
650 2398 697 2451 ex
720 2373 843 2449 rerum
866 2373 1043 2451 memoria
1060 2375 1219 2475 petenda
1291 2407 1294 2420 1
1319 2370 1326 2400 '

143 2503 241 2578 erat,
284 2489 388 2567 cuius
411 2488 527 2568 caussa
558 2487 802 2596 sapientissimi
828 2491 895 2565 viri
927 2489 1112 2567 historiam
1137 2514 1227 2591 per-x

143 2607 314 2705 scriptam
340 2600 409 2680 esse
425 2603 605 2694 uoluere,
636 2617 673 2678 ut
691 2607 766 2682 inde
781 2608 984 2704 cupiamus,x
1003 2609 1095 2704 quod
1116 2609 1218 2682 imite-¹
1255 2589 1260 2602 “

143 2747 239 2807 mur,
276 2710 331 2808 ui,
358 2720 449 2817 quod
467 2719 604 2820 foedum
630 2723 777 2818 inceptu,
795 2717 933 2819 surdum
957 2727 1047 2798 exitu
1067 2719 1219 2821 uidimus,

143 2839 291 2919 nitemur,
321 2839 576 2923 cunctemur,
603 2847 642 2910 vt
659 2834 737 2911 vlio
753 2847 1052 2934 tempore-tanta,
1079 2854 1219 2935 quanta

104 2937 111 2948 ’
144 2949 215 3028 eise
238 2962 407 3050 potuerat
423 2949 465 3024 ac
485 2947 670 3035 debuerat,
702 2963 874 3048 percepta
892 2948 934 3024 fit
951 2973 1000 3026 ex
1018 2951 1073 3027 his
1093 2974 1219 3028 exem·
1302 3046 1305 3052 .

143 3060 295 3169 plorum
321 3063 555 3142 documentis
585 3066 623 3139 in
651 3061 783 3141 iilustri
809 3066 1046 3142 monimento
1069 3063 1218 3165 positis;

1169 3177 1217 3253 ad

200 3329 238 3410 a)
258 3323 389 3390 Tacitus
405 3297 488 3386 Ann.
499 3319 555 3396 IV,
570 3337 613 3396 32
626 3307 789 3386 'fortunam
805 3322 888 3385 snam
903 3285 1116 3402 conqueritur,
1132 3321 1216 3402 quod
1268 3299 1272 3308 ’

257 3409 314 3474 fibi
327 3405 454 3480 annales
470 3405 616 3467 condenti
630 3427 694 3468 uon
707 3405 781 3469 talis
796 3404 1055 3468 rerumanaterieu
1065 3400 1216 3487 suppetat,
1306 3449 1319 3465 Ι

235 3495 358 3577 -qualis
374 3492 416 3567 iia
429 3488 545 3560 suerit,
574 3489 629 3570 qui
645 3500 768 3556 veteres
786 3489 891 3572 populi
908 3486 1040 3550 Romani
1061 3505 1109 3550 rea
1129 3509 1218 3552 com.
1252 3553 1258 3564 ‚

257 3577 415 3662 posuere..
441 3575 486 3636 At
507 3591 584 3654 quae
606 3573 784 3652 putabimus
806 3572 866 3636 effe
881 3572 935 3635 ilia
952 3571 1216 3652 tempraeclara?

250 3659 404 3742 ‘ingentia
420 3657 467 3720 issi
485 3653 572 3728 bella,
592 3657 836 3736 expugnationes
850 3655 982 3727 urbium,
994 3651 1084 3739 fusos
1097 3665 1215 3738 captos-

257 3765 315 3833 que
334 3761 442 3824 reges,
474 3747 547 3812 aut,
571 3737 600 3823 fi
620 3739 742 3824 qrrnndo
766 3740 809 3802 ud
833 3742 955 3820 irperna
973 3739 1226 3822 pruemrterena'

197 3889 204 3904 ,
258 3825 435 3915 discordias,
450 3820 599 3909 corffuiurn
617 3821 767 3906 aduersus
789 3824 946 3908 tribunos,
975 3828 1128 3908 agrarius
1137 3825 1214 3912 fru-

256 3917 482 3995 mentariasque
497 3911 607 3992 urges,
635 3909 735 3991 plebis
761 3919 790 3974 et
819 3911 1012 3991 optimatium
1033 3914 1214 3984 certamina,

257 3999 352 4064 sibero
371 3992 488 4080 egreſju
507 3994 733 4061 memorabant,
768 3998 819 4057 Au
833 3997 999 4078 quicquam
1013 3997 1125 4059 horum
1140 3995 1213 4070 suit,

258 4086 343 4168 quod
362 4081 458 4146 nullia
480 4101 551 4144 curn
573 4081 734 4146 hominum
754 4080 982 4144 calamitatibus
1004 4090 1039 4141 et
1059 4075 1215 4144 uemmniu

258 4165 461 4232 coniunstutn
475 4163 573 4232 effeta
593 4163 644 4228 Tu
657 4163 682 4228 fi
694 4183 773 4226 vnuu
786 4165 960 4248 exregibus
974 4163 1072 4245 captis
1085 4159 1216 4226 vinctis·

259 4271 320 4338 que
338 4249 460 4321 fuisses,
483 4249 558 4311 haec
580 4257 644 4312 tarn
659 4248 828 4332 voluptatis
842 4250 949 4332 plena,
979 4258 1044 4308 tum
1057 4246 1231 4336 praecium¹

255 4334 482 4402 existimaturus
496 4331 597 4398 effer?
