2967 4950
189 544 193 554 ·
264 436 352 607 394
459 460 976 593 Οιιιιιιιιιι,ιιίιιιιιιὶιιιιι”α.
999 481 1150 577 XCII.¹
1191 543 1219 578 μ

84 715 90 797 ζ
168 789 171 805 .
214 734 216 741 ¹
257 668 446 779 lecturire·
459 696 495 772 le
515 673 804 772 commendauit¹
813 704 817 723 ¹
872 677 1031 769 “sudor
1050 670 1194 791 scripti,
1228 676 1329 773 cuius

264 812 493 915 symbolum-2
541 806 764 905 Exemplurio
786 803 906 903 graeco
928 819 1005 883 eet„
1037 805 1216 884 laudabili
1250 810 1331 887 dili·

150 948 155 956 ¹
251 916 388 1029 gentia
413 921 538 1001 retulit
560 922 615 997 'ex
638 918 812 1011 Euclide,
835 918 1249 1020 'Apoll·0nioPergaeo,
1269 924 1330 1026 tlt·

265 1038 445 1128 chimede,
477 1058 570 1136 quae
583 1028 776 1135 pertinent
789 1034 836 1112 ad
854 1034 1116 1133 comparandas
1133 1011 1350 1134 figurarrim‘

194 1211 215 1229 ..
264 1134 550 1267 magnitudines,
572 1163 767 1257 tangentes
791 1148 1203 1241 curuarumducendas,
1221 1151 1331 1250 asym-

157 1274 159 1279 ’
264 1280 419 1399 ptores,
424 1252 637 1364 parabolae
656 1263 953 1363 quadraturam,
947 1276 1008 1339 ·et
1027 1260 1250 1353 solidorum,
1277 1269 1331 1341 in·

262 1383 391 1482 primis
407 1360 677 1467 rotundorum,
704 1376 910 1476 superficies
930 1390 966 1453 et
989 1377 1185 1455 mensuras
1224 1361 1329 1471 Quo·

264 1495 380 1573 modo
398 1518 458 1583 ea,
486 1515 580 1593 quae
603 1494 673 1569 iam
700 1494 824 1592 infinite
837 1517 951 1591 paruo
977 1491 1156 1593 didimus,
1184 1494 1329 1571 adfertis

262 1606 427 1688 Euclidis
452 1609 650 1709 nitantur,
675 1606 769 1681 bene
789 1606 932 1682 docuit.
1003 1603 1116 1682 Item:
1149 1608 1252 1706 quod
1277 1632 1332 1685 ra·

264 1724 384 1799 tion'es
411 1723 456 1798 ab
472 1716 625 1796 Euclide
621 1714 819 1829 aequales
845 1713 1049 1816 ponantur,
1080 1742 1271 1819 quarum
1259 1722 1332 1798 dif-

261 1836 454 1912 ferentiam
455 1812 661 1931 adsignari
671 1856 749 1909 non
770 1829 870 1931 posse
885 1834 1098 1911 ostenditur.
1157 1833 1329 1934 Reliquis

259 1948 380 2047 scripti
405 1948 458 2024 sui
479 1945 641 2027 articulis
668 1942 796 2048 vtique
815 1947 1028 2025 consensum
1055 1963 1210 2045 eorum,
1235 1972 1332 2058 quae

119 2050 148 2179 1‘
208 2132 215 2141 .
260 2064 403 2161 antiqui
422 2061 641 2151 docuerunt,
672 2084 775 2140 cum
784 2062 1229 2164 calculisrecentioribus,
1246 2055 1331 2139 illu·

74 2200 75 2211 ¹
190 2224 192 2237 ·
259 2176 376 2253 strat
427 2174 678 2283 Reperiuntur
701 2178 876 2307 quidem
915 2199 1009 2276 quae
1040 2178 1171 2254 tollius
1197 2174 1332 2277 pollnt

192 2304 225 2329 ι’
261 2282 470 2390 enunciari,
519 2302 581 2366 aut
615 2290 745 2367 maiori
776 2293 828 2366 in
842 2291 926 2368 luc'e
963 2290 1151 2368 collocari
1229 2284 1334 2369 Haec

259 2418 384 2482 tamen
403 2402 509 2481 facile
532 2404 738 2499 condonari
759 2399 937 2508 possunt
926 2408 1075 2496 iuueni,
1107 2406 1211 2483 cuius
1234 2405 1332 2488 forte

260 2509 421 2624 primum
444 2518 517 2602 hoc
534 2521 582 2595 est
604 2518 785 2613 solidioris
805 2521 1024 2599 eruditionis
1043 2512 1332 2622 pauloamplius

259 2633 482 2732 specimen.
515 2625 732 2710 Noluinrus
741 2633 835 2709 adeo
852 2658 936 2710 eum
954 2649 1169 2734 propterea,
1196 2650 1234 2712 vt
1250 2631 1334 2712 lCti

117 2745 125 2756 “
258 2733 489 2847 loquuntur,
517 2741 683 2824 formula
694 2747 844 2837 cadere
871 2750 974 2846 quod
996 2749 1128 2827 retlrus
1144 2749 1335 2827 interdurn

208 2860 212 2925 ἶ
260 2859 384 2954 leniat,
412 2883 541 2961 quam
533 2860 724 2958 loquutus
738 2861 810 2942 eit
869 2857 918 2938 Et
939 2864 1132 2953 breuitati,
1169 2867 1229 2944 eui
1258 2865 1332 2940 ltu·

256 2975 351 3052 dere
376 2976 484 3054 illum
515 2977 728 3071 oportebat,
770 2975 912 3073 aliquid
952 2969 1039 3054 dare
1068 3001 1230 3076 aequum
1260 2975 1334 3055 else

253 3089 374 3173 uisum
403 3085 470 3175 est,
507 3107 592 3162 nam
616 3087 661 3163 de
682 3086 757 3162 illis
782 3110 876 3186 quae
902 3089 1076 3187 traslauit
1096 3091 1182 3166 libri
1205 3092 1332 3193 scripti

192 3285 195 3289 ,
258 3201 354 3281 sunt.
411 3199 559 3300 Itaque,¹
573 3222 650 3284 non
666 3202 948 3304 vituperandum
967 3205 1333 3296 iudicauimus'eum,

217 3417 227 3426 .
259 3319 346 3418 qui,
377 3331 567 3412 contrane
590 3311 960 3407 faber'Horatianus,
991 3317 1071 3394 satis
1087 3319 1186 3397 selix
1206 3323 1341 3420 operisx

258 3429 409 3521 summa,
434 3453 574 3530 vngues
589 3446 627 3507 et
641 3429 794 3572 capillos
812 3429 934 3514 minus
950 3431 1130 3510 subtiliter
1146 3434 1334 3541 expressit.

235 3597 238 3601 ’
303 3615 308 3621 ·
361 3601 542 3696 “Quod
532 3606 644 3704 rgrtur
658 3602 733 3684 hoc
750 3607 981 3707 opusculum
1000 3610 1187 3709 analyseos
1202 3633 1336 3690 recen

247 3713 363 3816 ¹tioris
385 3715 641 3797 laudandam
631 3741 670 3796 ro
694 3720 832 3798 iuuene
854 3724 1056 3803 matheseos
1078 3713 1238 3802 studioso
1264 3749 1335 3824 pe·

255 4283 416 4364 vidimus
437 4309 595 4382 nomen:

259 3830 379 3906 ritiam
419 3821 595 3926 ostendit,
643 3837 882 3934 antiquorum
924 3861 1014 3919 tero
1054 3855 1334 3937 geometrarum

260 3921 429 4043 exempla
452 3944 609 4044 plurima
632 3949 808 4026 imitanda
831 3951 962 4028 nostris
985 3957 1138 4058 excitat,
1171 3952 1335 4030 credidit

260 4053 368 4135 Ordo
386 4057 534 4172 amplril
526 4084 619 4137 mus
644 4059 738 4139 heire
756 4064 1021 4144 collocatum
1011 4074 1054 4144 tri
1078 4069 1117 4143 in
1141 4067 1333 4145 auctorem

252 4161 422 4270 Regiam
435 4151 758 4254 nsinifieentiame
815 4176 950 4278 Aperta
968 4180 1091 4260 charta
1107 4165 1337 4340 inscriptum

1018 4343 1023 4348 ’
1268 4345 1348 4427 Io>
