2967 4950
256 487 368 608 'arrad
394 485 591 578 Romanos
615 503 653 576 rt
666 484 854 579 ‘Graecos
894 485 1105 582 Comml.
1161 513 1218 607 59
1328 517 1336 526 ’

148 691 362 796 pertinuille
375 691 536 795 putanda
551 681 648 770 siant*
701 691 798 772 Nata
812 693 1042 783 bioe'deliffu,
1059 711 1097 776 et
1114 694 1217 777 aliia·

146 837 200 887 ner
218 809 550 908 castrametaturi
568 811 625 886 ius
642 811 826 907 priuatum
845 811 1062 895 referuntur.
1122 813 1218 892 Sunt

147 927 320 1024 inprimis
336 927 375 1000 in
386 923 452 999 lais
469 924 564 1000 lurta
581 936 618 999 et
637 923 801 998 iniuriae.
847 925 895 1001 At
910 927 980 1010 tab.
996 924 1066 1004 lx„
1094 929 1219 1006 Deca-

146 1045 219 1140 pire
235 1043 314 1118 ciuis
332 1041 395 1139 -nifi
408 1063 473 1136 per
487 1039 665 1113 maximnm
685 1041 887 1114 commatum
905 1067 945 1116 ne
957 1041 1100 1136 [emmo.
1136 1039 1216 1120 Dr·

144 1157 233 1230 ,buit
254 1153 423 1230 hoc-non
446 1150 515 1226 niti
530 1145 718 1251 adtcaaffns
744 1155 809 1252 istis
835 1151 955 1230 drliffr'r
985 1173 1051 1232 trorr
1075 1167 1220 1254 compre·

146 1266 264 1371 irrasos
282 1265 456 1369 speilare3
494 1278 573 1340 tum
592 1287 611 1340 a
636 1266 797 1340 comitiis
818 1251 967 1344 tributis
986 1270 1119 1347 iudicia
1147 1271 1230 1349 hac.

146 1368 306 1480 lege'ad
322 1381 517 1460 centuriata
542 1379 714 1454 translata
742 1378 833 1455 lunt.
859 1423 863 1429 ι
893 1380 997 1458 Num
1020 1385 1114 1479 intra
1137 1407 1234 1484 per..
1334 1373 1341 1390 ⁹

146 1494 356 1572 duellionis
373 1495 526 1581 crimen,
558 1492 664 1592 quod
684 1491 803 1568 adhuc
826 1507 941 1571 unuin
957 1493 1061 1572 inille
1075 1497 1220 1578 ridetur

147 1609 199 1687 de
217 1631 296 1709 quo
311 1607 471 1710 populus
488 1607 746 1706 cbgnolceret,
762 1606 839 1684 lex
851 1613 1124 1698 contineretur,
1142 1634 1221 1690 non

148 1735 304 1824 apparet
311 1745 329 1816 32
340 1712 428 1810 nec,
444 1743 489 1796 arr
504 1719 851 1820 parricidiinomen,
867 1710 970 1822 duod
983 1725 1055 1802 late
1069 1747 1222 1802 omnem

150 1837 311 1919 caedem·
328 1835 549 1934 deignauit,
593 1838 665 1912 iam
691 1851 772 1912 tum
798 1836 861 1912 riu
882 1837 993 1916 fuerit
1019 1855 1220 1939 receptum.

153 1950 307 2028 Constat
330 1950 484 2038 saltem,¹
515 1951 641 2048 postea
661 1950 706 2026 ad
734 1945 842 2048 plura
864 1955 1061 2031 criminum
1085 1948 1222 2054 genera

152 2065 288 2167 populi
308 2065 440 2150 iudicia
465 2055 567 2140 foille
594 2065 774 2165 instituta,
806 2079 846 2172 rt
868 2069 1072 2166 parricidii,
1117 2091 1223 2168 repr·

151 2181 376 2268 tundarum,
415 2179 598 2268 ambitus,
627 2177 723 2267 falli,
761 2179 885 2280 stupri.
950 2179 1005 2257 lta
1029 2193 1135 2258 natus
1158 2183 1223 2259 ille

151 2291 346 2374 iudiciorum
356 2283 567 2392 publicorum
582 2293 666 2369 ordo
685 2290 867 2390 timulque
893 2290 1225 2392 publicorum'c'rimi-

155 2439 232 2488 nam
252 2411 415 2511 recensasr
446 2415 540 2508 q‘uae
560 2403 708 2483 difficile
724 2405 833 2482 eliad
849 2428 1049 2494 commune
1072 2406 1226 2509 aliquod

154 2527 378 2629 principium
399 2544 594 2615 reuocare3
624 2515 760 2597 caullas
775 2534 897 2597 tamen
915 2512 1072 2625 reperire
1087 2523 1225 2603 licetin

157 2643 248 2717 statu
270 2634 426 2717 ciuitatis
447 2650 483 2714 et
498 2636 716 2736 conditione
735 2636 873 2712 ciuium
899 2651 1056 2716 mutata:
1091 2642 1225 2739 partim
1317 2728 1323 2733 ‚

159 2742 338 2833 Tribunis
357 2754 407 2853 pl.
424 2753 469 2829 ad
485 2748 617 2849 caullas
635 2746 1009 2859 plebis‘reierentibui
1025 2764 1062 2829 et
1080 2753 1228 2831 trahen-

158 2872 259 2946 tibus
276 2866 453 2970 plurima‚
484 2888 577 2965 quae
592 2868 705 2939 antea
723 2879 867 2972 patrum
893 2862 1047 2943 decretis
1072 2866 1228 2979 admitti·
1313 2916 1319 2925 ,

156 2986 381 3087 litabantur:
410 2982 539 3079 partim
561 2980 699 3079 ciuium
726 2978 893 3055 libertate
915 2979 1103 3077 insigniter
1127 2981 1229 3083 auda

157 3113 196 3175 et
211 3098 371 3175 ciuitatis
386 3094 575 3207 Romanae
590 3093 749 3207 iuribus,
787 3096 954 3192 inprimis
975 3090 1048 3170 LL.
1067 3093 1230 3172 Poetelia

157 3203 301 3314 Papiria
321 3195 420 3307 428,
442 3210 488 3285 de
507 3210 611 3307 nexis
636 3205 787 3296 solutis,
824 3220 861 3283 et
878 3204 1005 3283 Porcia
1041 3231 1130 3306 557.
1158 3232 1230 3309 pto
1270 3303 1275 3318 Ι

158 3328 303 3413 ciuium
322 3341 429 3423 tergo
445 3338 482 3400 et
499 3324 637 3418 capite,
666 3323 813 3419 egregie
827 3308 1066 3420 amplificatis.
1112 3322 1230 3401 Natae

159 3444 288 3541 itaque
299 3446 426 3543 partim
443 3460 563 3514 nouae
587 3434 727 3523 caulae,
767 3458 854 3511 cum
882 3423 995 3513 noua⁴
1009 3431 1170 3512 crimina
1188 3413 1258 3514 inX

160 3578 278 3655 remp.
298 3555 485 3641 venirent,
511 3550 677 3647 inprimis
701 3542 796 3624 inte‘r
817 3550 1043 3649 corruptelas
1059 3552 1149 3648 reip.
1174 3553 1230 3629 in·

159 3680 357 3769 gruentes,
400 3680 439 3741 vt
465 3662 771 3769 repetundarum,
809 3665 987 3755 ambitus,
1026 3666 1230 3762 peculatus,

155 3788 285 3885 parlim
295 3782 384 3858 statu
400 3782 722 3857 oinium'mutatoa
739 3777 861 3875 priscis
875 3770 1117 3876 legibulel.
1130 3779 1228 3855 tabb.
1323 3811 1328 3854 r

161 3876 340 3975 recessum
358 3895 425 3995 est',
457 3892 639 3971 stadeoa
669 3892 821 3990 priuatis
844 3893 988 3995 iudiciis
1013 3895 1050 3967 in
1081 3892 1231 3994 publica
1328 3929 1332 3937 ν

93 4090 95 4103 ,
162 4024 397 4115 verterentur
413 4006 619 4107 compluria
638 4027 732 4105 quae
750 4007 797 4082 od
805 4009 1073 4110 perstruamoiuis
1087 4005 1233 4083 Romani

93 4132 96 4253 l
162 4125 385 4227 spailarent,
413 4146 497 4198 curn
516 4122 563 4217 de
581 4122 657 4195 eius
675 4122 815 4230 capite,
839 4111 905 4199 nib
922 4145 987 4220 pet
1003 4121 1233 4199 comitiatum
1287 4156 1292 4172 ι

93 4262 95 4319 t
163 4243 394 4330 maximum,
410 4236 497 4317 ferri
516 4258 592 4315 non
609 4230 735 4337 porres
793 4233 976 4315 lta'etiam
992 4232 1145 4311 iniuriae
1162 4232 1238 4332 pri·
1286 4285 1289 4289 Α
1340 4260 1344 4267 -

94 4346 99 4451 l
990 4362 996 4369 ’
1114 4346 1238 4446 ..vatis

94 4568 96 4607 l
