2967 4950
158 479 161 487 ·
302 455 580 589 commercium
605 458 778 574 nauigat.
802 461 841 546 18
861 453 1022 547 ludium.
1079 472 1191 575 .197

134 669 265 741 uentus
283 671 404 766 autem
423 662 645 746 1888888888,
678 661 793 760 inque
805 659 871 738 lais
894 661 1049 762 piperis.
1085 664 1190 740 cuius
1314 732 1317 742 ,

131 774 176 850 ad
200 796 363 886 corpora
382 774 537 852 humido
562 774 671 851 coelo
698 775 909 873 languentia
925 788 1030 852 tanta
1048 777 1101 852 vis
1125 776 1187 865 811,

129 901 214 962 rum
241 886 401 965 leticiae
419 884 600 986 88118811,
626 889 820 966 mirabiles.
879 888 1089 968 Matursab
1108 888 1188 965 aliis

127 999 302 1099 populis,
319 1004 486 1132 inprimis
502 994 616 1076 1188111
623 1002 732 1080 88818
752 1002 957 1094 utentibus,
986 1002 1109 1102 appeti
1125 1003 1188 1078 ista

127 1129 354 1213 coeperunt;
384 1107 573 1214 88888188
594 1114 743 1192 luerunt
757 1115 925 1206 Arabes,
956 1131 993 1194 et
1017 1116 1082 1216 ipli
1103 1137 1189 1216 pro·

125 1219 245 1304 ventu
262 1227 407 1305 suarum
419 1241 598 1305 terrarum
614 1226 757 1314 diuites,
765 1239 846 1304 ture
860 1242 957 1326 puta,
976 1243 1012 1308 el
1025 1229 1183 1328 myrrha,

127 1357 216 1418 tum
244 1340 421 1424 colorum·
440 1341 639 1438 pigmentis
663 1354 701 1416 et
720 1341 883 1450 gummi»,
921 1363 988 1417 nec
1010 1342 1186 1418 8881881-

120 1454 242 1530 samo.
272 1450 350 1541 188,
359 1452 516 1550 longum
532 1465 653 1529 tamen
669 1455 843 1550 temporis
857 1451 1009 1554 spatium
1029 1452 1187 1530 abludia

122 1565 298 1646 adeunda
329 1590 394 1643 eos
418 1565 615 1665 prohibere
635 1567 764 1642 debuit
790 1568 1188 1672 ignoratiopventoruor

124 1682 303 1758 statorurn
318 1681 358 1756 in
380 1679 437 1756 1818
454 1681 563 1756 maris
578 1679 758 1782 madibus.
792 1677 951 1758 ‘Eadem
975 1676 1188 1757 difficultate

123 1790 304 1872 laboralle
321 1794 552 1883 aidemari,
577 1815 643 1892 qur
633 1792 900 1894 oppofitam
875 1817 919 1871 88
930 1816 1032 1872 oram
1044 1793 1186 1871 Africae

122 1907 353 1996 incolebant,
363 1904 425 1983 elli
435 1908 501 1982 etr
528 1905 600 1982 lam
615 1907 685 1982 suis
699 1910 815 2006 copiis
835 1908 1067 2010 opulentam.
1092 1905 1185 2000 Quo

126 2020 262 2098 1811888
287 2019 355 2109 est,
391 1927 578 2096 88181188
605 2043 696 2119 8888
719 2043 786 2118 888
806 2023 1059 2100 continentem
1090 2025 1186 2096 81888

124 2134 226 2212 Aliae
248 2133 381 2211 forant
406 2148 585 2209 meroatus
607 2133 786 2209 terrestri
775 2134 905 2210 itinere
923 2136 1107 2248 exportari
1121 2156 1186 2207 88-

124 2246 215 2325 cella
241 2243 335 2323 81188
392 2244 638 2349 1181881188,
667 2231 913 2352 1888183888
930 2239 1097 2331 8811888,
1123 2244 1187 2320 Se-

127 2361 327 2439 miramidis
357 2323 523 2436 diuitiis:
568 2381 662 2464 quae
686 2347 777 2434 mox
799 2357 981 2440 defecere,
1016 2379 1100 2434 cum
1124 2355 1188 2432 1118

128 2475 306 2564 1811888,-
328 2498 424 2574 quae
447 2498 508 2550 eas
531 2475 712 2561 mitteret,
753 2471 853 2553 bello
873 2467 1073 2577 petridem·
1066 2468 1189 2547 srmlli

128 2590 258 2668 fraude
287 2586 471 2688 1818811,
486 2600 526 2663 vt
552 2586 663 2687 ipsam
691 2587 901 2665 diuitiarum
931 2586 1192 2683 scaturiginem,

129 2704 227 2785 luam
253 2703 431 2806 18888888,
477 2703 586 2777 armis
608 2696 752 2799 ingreffi
775 2699 857 2778 lant
878 2699 1022 2779 Indiam
1055 2698 1186 2799 Cyrus,

130 2817 362 2916 Aethiopiam
376 2812 592 2913 Cambyses,
621 2812 927 2901 Arabum-„Aelius
948 2812 1079 2893 Gallus
1095 2810 1188 2889 iullu

131 2930 294 3031 Augusti.
353 2927 461 3005 Nulli
475 2944 598 3006 tamen
619 2952 675 3018 res
689 2928 866 3022 succesum
887 2928 1191 3029 quandoquidem

133 3045 309 3123 violentia
324 3066 366 3120 ac
381 3043 482 3120 bollo
498 3042 645 3119 diuitiae
667 3038 902 3142 ampllffimae
918 3040 1130 3140 dilirpantur
1154 3052 1192 3115 et

134 3160 418 3245 exhauriuntur,
448 3156 576 3254 colligi
595 3171 717 3235 autem
737 3154 1001 3253 8888811188ιί
1017 3174 1094 3227 888
1112 3150 1192 3247 881

134 3272 232 3362 lunt,
260 3270 327 3350 nili
341 3273 440 3375 pacis
455 3273 615 3361 artibus,
639 3271 870 3383 commerciis
889 3281 927 3344 et
943 3264 1190 3361 nauigatione.
1290 3314 1293 3319 ·

246 3496 408 3585 1888888,
436 3484 577 3597 inquii,
607 3516 655 3571 ex
683 3491 802 3570 Africa
827 3481 1012 3588 nauigatio
1037 3490 1194 3589 prirnor-

136 3611 191 3690 dia
206 3612 268 3689 sua
284 3612 430 3689 habuit:
463 3611 566 3709 quod
584 3604 888 3709 quidemlailurn
908 3604 957 3678 811
980 3600 1053 3679 hoc
1068 3603 1193 3688 rnodo.

137 3728 245 3803 Fumo
265 3724 349 3801 inin·
365 3724 544 3827 llbefflm'or
563 3715 718 3818 18881181
739 3719 837 3795 vnde
855 3715 1034 3814 proseria,
1058 3731 1121 3795 aut
1136 3719 1196 3793 cui

138 3843 190 3915 rei
208 3838 440 3940 superstruas
454 3838 585 3925 luerit,
611 3832 708 3909 haud
727 3826 885 3930 addidit)
902 3826 1083 3921 08111888,
1102 3854 1196 3931 quos

139 3953 215 4051 1818
233 3951 410 4054 appellat,
439 3974 509 4030 nos
512 3944 731 4027 Culchae'os
756 3946 930 4034 dicimus,
956 3945 1044 4023 inde
1067 3943 1239 4023 adilo-

139 4070 202 4143 vio
217 4065 413 4143 Noachico
431 4087 496 4163 per
519 4064 727 4162 Aegyptum
747 4056 950 4159 progrellos
973 4060 1075 4136 loca
1065 4050 1198 4131 adiille
1331 4169 1333 4177 y

142 4171 288 4263 Nubia'e
313 4182 410 4257 inter
435 4174 566 4255 Nilum
592 4193 629 4253 et
660 4173 870 4251 Astaboram
893 4168 1014 4271 (nunc
1033 4161 1197 4261 Atbara),

699 4284 738 4363 N
771 4308 788 4381 3
1028 4283 1210 4377 rogarem,
