2967 4950
187 440 193 455 “
239 378 358 567 334
453 418 576 525 Vani
605 380 780 511 Senatus
786 390 959 512 Romani
981 391 1140 531 conatus
1388 487 1390 564 1

273 627 318 705 ad
341 606 519 729 priuatam
544 628 643 706 enim
672 628 785 712 vitam
808 621 967 745 speilant
989 642 1127 727 pauca;
1160 642 1197 707 at
1216 629 1266 719 ii,
1291 628 1345 707 ad
1388 577 1392 699 l

210 842 212 855 Ι
272 765 368 856 quos
407 766 447 818 ea
479 742 700 840 spetiabant,
747 743 932 841 principes
958 736 995 819 ¹et
1016 743 1175 842 populi,
1208 713 1392 823 iisdem

271 846 553 954 cupiditatibus,
601 853 782 949 consiliis,
828 857 952 943 euris,
983 855 1118 935 studiis
1153 871 1340 947 tenentur,

271 978 448 1072 quotum
454 968 612 1045 euentus
627 966 784 1047 smilitos
803 992 868 1073 per
888 971 1019 1055 omnia
1038 967 1181 1048 dudum
1201 969 1394 1083 saecula

135 1152 137 1171 ,
270 1082 418 1163 historia
433 1083 492 1159 vel
504 1084 688 1160 imberbes
701 1106 835 1182 pueros
854 1082 987 1160 docete
1001 1083 1189 1164 debuerat.
1216 1084 1340 1161 Nimis

178 1264 181 1279 .
269 1198 432 1297 benigne
458 1198 504 1273 de
528 1220 666 1297 genere
688 1195 854 1273 humano
873 1178 1059 1290 renuunt,
1098 1202 1163 1297 qui
1189 1197 1242 1282 ad
1254 1221 1341 1297 pru·

270 1312 417 1391 dentiae
445 1300 637 1415 aliquam
646 1313 892 1419 maturitatem
919 1311 1080 1412 populos
1117 1326 1180 1388 aut
1210 1297 1340 1411 ιρειιιιι-
1397 1361 1398 1428 ι

235 1442 237 1449 “
269 1424 370 1516 nisse,
398 1441 461 1503 aut
478 1426 687 1519 labentibus
705 1427 810 1503 annis
828 1424 1072 1525 peruenturos
1085 1424 1157 1503 else
1174 1424 1238 1501 srbi
1258 1448 1399 1540 per·
1397 1437 1398 1458 ¹

268 1538 432 1619 suadent
493 1536 619 1617 Omne
634 1538 848 1617 litterarum
857 1538 1087 1626 beneficium,
1105 1563 1257 1615 omnem
1275 1562 1341 1616 ex·
1398 1551 1400 1642 ι

246 1681 249 1688 ·
270 1657 469 1755 perientiae
487 1654 705 1729 utilitatem
695 1656 882 1751 intercipit
900 1653 974 1732 hoc
991 1676 1117 1742 vnum,
1149 1654 1253 1753 quod
1269 1652 1341 1731 ho-
1400 1686 1401 1707 ι

259 1766 389 1847 'mines
417 1766 560 1856 sumus,
607 1766 711 1867 quod
738 1764 917 1865 sensibus,
953 1747 1285 1867 cupiditatibus,
1274 1770 1343 1843 rtis
1401 1793 1402 1820 ι

270 1882 430 1959 obnoxii
452 1904 478 1969 a
503 1880 612 1957 rebut
643 1883 828 1973 externis,
868 1879 1153 1988 necessitatibus,
1184 1879 1338 1981 casibus,

200 2005 202 2009 ’
270 1996 440 2075 fortunae
464 1994 650 2087 incertis,x
678 2010 774 2093 quot
814 2009 910 2095 quot
941 1995 1064 2082 sumus
1090 1991 1280 2095 sapienter
1304 2008 1342 2071 et

269 2106 503 2219 inspienter,
532 2106 759 2208 pendemus·;
797 2110 1001 2211 quodque
1024 2132 1096 2187 nec
1122 2108 1196 2186 sine
1214 2107 1340 2185 sociali

106 2272 108 2281 ·
161 2300 165 2315 ,
269 2222 458 2303 consortio
483 2223 627 2313 viuere,
659 2222 929 2314 necsocietatis
948 2222 1341 2311 vllamcondtnonem

155 2416 158 2421 .
269 2339 446 2416 omnibus
469 2337 702 2415 tolerabilem
726 2336 860 2416 habete
886 2336 1083 2438 pulsemur.
1155 2337 1250 2415 Sunt
1274 2339 1340 2414 ita-

136 2466 151 2502 ·‘
214 2443 216 2449 ’
270 2477 344 2554 que
362 2466 398 2530 et
420 2460 529 2529 esunt
550 2452 646 2540 bona
659 2467 702 2560 st
718 2452 835 2546 mala,
867 2476 961 2553 quae
979 2441 1051 2530 iam
1069 2463 1155 2530 aute
1171 2451 1340 2545 suerunt;

140 2572 160 2660 ‚¹
201 2600 208 2607 ·
270 2582 326 2656 et,
359 2567 424 2644 nifi
444 2567 538 2644 sorte
563 2581 691 2644 natura
713 2567 876 2644 humana
898 2568 1099 2670 aliquando
1117 2568 1340 2666 mutabitur,

146 2709 154 2734 ·
269 2671 381 2762 iidem
410 2682 608 2758 hominum
648 2703 815 2771 errores..
848 2681 984 2771 studia.
1028 2684 1217 2771 virtutes,·
1240 2681 1337 2756 vitia.

173 2814 178 2837 ⁸
269 2795 378 2888 Fient
394 2795 540 2880 eadem,
572 2793 632 2870 sed
649 2795 765 2872 aliter.
827 2795 965 2873 Fabula
981 2796 1108 2872 eadem
1125 2807 1191 2896 pet
1208 2817 1338 2872 omnen

269 2923 403 2990 aetates
421 2911 559 3006 agitur
590 2906 670 2982 aliis
689 2909 947 2998 histrionibus,
976 2911 1045 2987 alia
1063 2909 1180 2987 scena‘
1221 2908 1340 3002 Quic-

269 3021 361 3127 quid
383 3045 447 3121 per
472 3035 587 3108 artes.
626 3043 692 3120 per
713 3021 870 3112 litteras,
909 3023 1142 3124 proficimus,
1180 3026 1218 3105 in
1246 3023 1340 3100 mala

177 3207 179 3222 .
270 3140 389 3220 nolira
405 3131 601 3228 vertimus
632 3159 700 3212 nec
720 3138 770 3212 est
790 3137 915 3223 facile,
950 3160 1030 3236 quo
1051 3152 1190 3212 ueteres
1217 3139 1342 3214 vinca·

270 3278 373 3353 mus,
404 3247 468 3327 nisr
492 3251 604 3337 forte.
635 3249 756 3354 quod,
786 3251 979 3354 poliquam
1004 3249 1253 3368 Sophistatutn
1281 3273 1341 3327 ca·

270 3347 479 3443 uiliationes
504 3379 599 3442 aetas
627 3348 784 3455 deleuit,
830 3389 899 3441 nos
930 3363 1079 3442 seriores
1107 3379 1170 3442 aut
1198 3363 1341 3443 summa

190 3482 192 3486 ’
269 3504 354 3558 cum
388 3479 584 3557 subtilitate
604 3481 793 3578 argutas
812 3483 999 3569 uitiorum
1022 3479 1268 3589 distinsliones
1302 3494 1343 3556 et

149 3613 151 3620 ’
240 3593 985 3708 1excusationesexcogitauimus„aut
982 3588 1181 3694 principia
1208 3576 1343 3671 consii-

271 3713 419 3796 tuimus,
432 3732 525 3810 quae
541 3711 744 3810 prolundo
761 3691 944 3788 rationem
958 3707 1151 3816 perseiiam
1170 3707 1339 3795 habeant.

143 3837 152 3860 ⁸
183 3841 185 3848 ’
271 3849 367 3926 quae
391 3837 454 3900 aut
478 3825 517 3899 in
543 3823 732 3900 hominem
752 3848 839 3902 non
859 3823 976 3912 cadit.
1010 3837 1073 3899 aut
1099 3845 1174 3899 non
1207 3822 1307 3900 nili
1297 3846 1339 3898 ιιι

270 3943 460 4020 hominem
477 3937 840 4017 consummatissimae
855 3938 1058 4037 sapientiae.
1087 3935 1229 4014 Frustra
1245 3937 1340 4012 adeo

258 4054 318 4137 [de
338 4054 485 4156 populis
509 4077 553 4129 ae
571 4055 799 4152 principibus
822 4051 1132 4152 itadisputamus,
1160 4050 1259 4150 quali
1283 4050 1341 4127 illi

236 4209 240 4219 ⁹
272 4195 402 4250 omnes
430 4197 451 4251 e
476 4167 563 4248 Stoa
589 4168 646 4248 vel
669 4169 860 4278 Academia
885 4166 1087 4270 prodirent.
1137 4213 1142 4221 ,

943 4295 947 4306 ·
1164 4278 1341 4373 Scribun-
