2967 4950
217 458 221 478 =
389 438 432 511 ee
455 419 728 513 Romanorum
744 400 784 512 in
812 384 982 538 insrsldrr'r.
1030 484 1043 525 2
1138 412 1264 544 269'

156 628 284 707 solent.
358 628 450 722 Quo
477 592 736 728 spissorum,
776 630 911 727 quihus
934 634 1158 731 magistratus
1182 636 1223 714 lui
1348 616 1367 733 ‘f

155 745 397 831 mandantur,
418 742 652 831 &utilitatibus
681 743 902 830 consulitur,
949 769 996 822 ne
1012 772 1040 823 -a
1064 752 1224 843 curis'ee

156 859 281 933 studiis
300 858 410 936 solitis
431 856 486 931 illi
507 856 552 931 ad
572 851 639 931 alia
659 849 804 948 auocati
828 857 987 947 diutius,
1023 884 1132 959 quarn
1156 843 1239 961 par‘
1358 949 1361 955 ,

158 985 252 1059 erat,
270 972 522 1046 detineantur.
543 1006 546 1012 ·
582 966 640 1045 Est
657 970 781 1068 itaque
799 968 875 1045 dies
892 974 955 1047 isle
975 975 1231 1065 intensurus-,-

155 1084 286 1160 diores
300 1084 512 1169 habendus,
539 1103 644 1178 quo,v
662 1084 757 1158 iusto
771 1095 938 1181 tempore
962 1090 1110 1179 exaslo,
1131 1114 1222 1183 *rua-

155 1198 320 1297 giliratus
336 1197 490 1292 infignia
509 1195 771 1293 deponuntur3
798 1198 993 1298 multoque
1009 1202 1073 1277 ille
1103 1207 1221 1303 magis

152 1310 271 1387 laetus
292 1333 333 1385 ac
351 1308 546 1395 sollennis,
577 1306 742 1397 li„salua
760 1322 798 1384 et
818 1312 997 1389 incolumi
1018 1319 1224 1413 republicap

151 1424 330 1524 prospero
347 1444 469 1497 rerum
485 1419 611 1523 cursu,
629 1422 725 1498 inter
740 1426 1128 1504 omnium-fauentium
1148 1432 1222 1509 stu·

153 1530 232 1621 dia,
249 1532 463 1632 magistratu
478 1526 652 1611 decedere
668 1540 834 1633 contigit.
877 1535 937 1631 Est
952 1563 992 1616 ea
1010 1540 1081 1638 ipsa
1099 1566 1221 1621 rerum

149 1650 321 1749 conditio
337 1670 378 1723 ae
396 1647 503 1739 facies
522 1670 590 1745 pro
610 1644 778 1747 'auspicio
797 1650 957 1727 secundo
982 1653 1147 1730 habenda
1174 1651 1253 1744 eijr
1363 1685 1366 1703 =

153 1760 1222 1872 quiinalreuntislocurnsuccedensmagistratumsuscipit.=
1292 1797 1294 1800 ’

151 1872 238 1953 Hoc
265 1879 392 2065 irasque
418 1874 569 1951 nomine
603 1875 835 1974 gratulamur
861 1881 951 1953 noui
994 1883 1225 1979 magistratus
1274 1898 1284 1928 ³

151 1989 245 2081 laeta
262 1988 415 2089 auspicia
440 1984 533 2063 Viro
549 1986 685 2063 Illustri
707 2004 744 2065 et
770 1986 1109 2087 Experientilsrmo,

209 2094 471 2181 HENRICO
504 2098 745 2193 AVGVSTO
778 2100 1051 2183 WRISBERG
1080 2106 1130 2185 D.

153 2217 438 2319 quinuncreip
451 2210 690 2305 academisae
715 2237 841 2292 curam
867 2214 1029 2315 suscipit,
1062 2242 1107 2295 eo
1133 2193 1221 2300 curra·
1353 2261 1356 2268 ,

152 2333 277 2407 animo
295 2352 336 2405 ac
357 2328 555 2414 voluntate,
575 2341 624 2417 vt,
643 2324 823 2436 quicquid
839 2327 1022 2448 Georgiae
1038 2332 1221 2455 Augustae

151 2446 396 2533 utilitatibus,
438 2442 672 2550 eommodis,
715 2440 958 2540 splendori,
981 2440 1221 2538 ornamentis

143 2560 276 2636 -vellris
295 2569 438 2666 autem,
473 2554 776 2644 Conrnrilitoner,
806 2531 1012 2634 commodis
1030 2574 1067 2636 et
1083 2547 1220 2665 studiis·

150 2673 213 2750 sua
228 2693 339 2771 opera
354 2694 396 2747 ac
413 2693 497 2746 cura
515 2670 706 2757 accedere
724 2668 801 2744 ase
819 2677 936 2770 parari
955 2672 1060 2771 poffit
1072 2684 1119 2756 ac
1118 2699 1222 2774 pro·
1290 2674 1296 2686 “

151 2787 261 2886 spici,
289 2786 353 2861 id
343 2809 363 2860 a
383 2783 417 2859 se
432 2783 559 2860 sedulo
578 2797 745 2861 curatum
771 2797 811 2858 ea
830 2783 1024 2867 essedum
1012 2791 1076 2877 ari,
1104 2787 1224 2880 sande

153 2917 191 2977 ct
207 2898 429 2999 amplissimis
454 2901 572 2974 verbis
590 2897 821 2995 polliceatur.
853 2897 938 2976 Nec
954 2903 1093 2978 minus
1090 2903 1225 3006 itaque

152 3037 220 3091 ros
239 3017 272 3090 ei
294 3014 513 3112 promittetis
529 3035 571 3087 ac
588 3012 812 3112 spondebitis
831 2993 1049 3113 dbsequiuni
1069 3029 1106 3092 et
1120 3041 1225 3104 amo·

153 3149 253 3216 rem,
282 3126 647 3226 consentietisque
615 3139 651 3200 et
676 3125 928 3224 conspirabitis
949 3131 987 3202 sn
1015 3129 1114 3206 idem
1132 3152 1226 3228 pro·
1308 3146 1311 3154 “

154 3241 312 3342 postona
330 3241 512 3344 resinendi
540 3243 576 3315 'et
600 3239 766 3316 seruandi
792 3239 981 3335 tranquilli
1007 3263 1128 3316 rerum
1152 3263 1223 3330 no-

153 3355 303 3432 sitarum
320 3355 447 3438 slatus,
471 3375 548 3450 quo
571 3353 772 3428 litterarum
799 3352 913 3427 studia
942 3350 1015 3429 fine
1039 3348 1232 3432 omullo(

154 3469 411 3566 serpellatione
428 3479 721 3570 etauocanrento
747 3467 896 3561 ingenia
922 3465 1034 3541 vestra
1058 3480 1220 3554 teneant,

154 3581 341 3658 obsedent
358 3593 394 3656 et
410 3595 565 3668 ornent,
601 3601 668 3653 nos
691 3591 812 3652 autem
841 3581 1055 3657 muneribus
1080 3595 1118 3669 ec
1141 3578 1225 3656 offi.

154 3697 221 3772 ciis
244 3695 372 3772 nostris
396 3694 564 3793 religiose
585 3691 768 3769 obeundis
793 3692 987 3782 industriae
1008 3715 1051 3767 ac
1078 3696 1224 3788 virturis
1303 3702 1334 3720 “·

151 3804 290 3886 ftuslus
318 3822 465 3908 optatos
498 3810 570 3886 rite
587 3809 781 3904 capiamus.
841 3801 938 3882 Cunr
964 3810 1086 3882 autern
1110 3810 1225 3905 nsagi·

127 3923 282 4002 *stratus
303 3919 507 4020 capessendi
525 3893 679 4019 auspicia
700 3917 878 3994 sollennia
905 3921 1059 3995 crastino
1087 3920 1147 3995 dre
1172 3922 1225 3996 sa·
1259 3990 1280 4022 χ

151 4035 283 4112 cie'nda
304 4033 372 4110 sint
395 4035 564 4138 publice,
601 4055 737 4132 pompa
761 4034 800 4104 in
830 4033 1011 4130 templum
1047 4033 1226 4108 academi-

152 4169 241 4230 curn
247 4127 382 4257 dusla:
408 4150 450 4224 lis
468 4163 506 4225 vt
522 4149 732 4248 frequentes
748 4145 988 4246 fruentesque
1005 4143 1121 4225 adesse
1133 4145 1227 4243 veli·

413 4299 417 4306 .
1166 4260 1225 4353 ris,
