2967 4950
295 121 376 214 512
409 173 416 184 .
448 225 456 236 Ι
488 75 688 194 Catanen
709 91 1000 195 litterarium.
1022 101 1149 198 XCV·
1219 196 1226 207 ,
1309 225 1312 236 Ι

267 409 273 426 '
290 307 454 388 inuidiae
476 321 681 420 tormenta,
712 311 779 408 qui
799 311 935 390 iratum
956 309 1104 399 Budua,
1120 323 1226 407 gquae
1246 307 1323 384 erim

291 449 382 524 nyes
401 427 567 502 animum
583 426 792 520 exagitent,
820 426 957 522 quibus
973 427 1017 500 ab
1031 425 1133 502 omni
1150 423 1321 520 aequitatis,

181 545 185 555 '
291 541 547 623 humanitatis.
571 539 746 637 pietatis,
782 536 894 614 sensu
912 540 1145 622 receduntin
1173 559 1230 612 eos
1252 556 1322 633 quo·

211 739 213 746 ,
293 677 386 754 que,¹
422 655 487 752 qui
514 654 609 730 hene
633 654 714 726 de
705 653 891 730 rismeriti
915 669 1035 756 erant,
1072 655 1136 750 qui
1163 651 1290 746 beneip
1291 645 1322 720 sn

293 769 467 868 eupiunt,
508 788 577 844 nec
598 790 729 844 eurum
756 766 855 842 laudi
878 749 1069 854 inuident,
1112 770 1200 865 quin
1220 765 1259 838 de
1275 761 1324 835 suu

244 931 251 939 -
292 880 431 1006 aliquid
450 878 516 979 ipsa
541 880 674 956 addere
698 878 845 958 malint¹
904 866 1120 958 Detestabili
1146 879 1229 954 huic
1249 876 1323 951 etin

291 987 541 1076 carnificinam
565 997 772 1074 animorum
799 1012 912 1071 natae
931 995 1046 1073 furiae
1070 997 1255 1092 omnisque
1274 991 1358 1095 vir

291 1112 380 1190 tutis
400 1110 649 1188 ethonestatis
669 1112 873 1200 teterrimae
894 1111 983 1208 pesti
1007 1123 1046 1186 vt
1067 1126 1203 1186 mature
1223 1124 1326 1180 oecur-
1357 1138 1359 1161 ι

263 1241 413 1314 -ratur,
443 1247 464 1300 a
491 1224 683 1323 sapientiae
709 1223 828 1299 studia
857 1223 1121 1322 petendasunt
1143 1245 1214 1298 non
1237 1215 1324 1293 modo
1357 1198 1358 1273 i

218 1379 225 1388 ·
292 1341 466 1426 remedia,
481 1359 612 1430 aerum
629 1336 884 1435 multomagis
898 1352 1076 1436 tanquam
1092 1332 1329 1440 prophylatiict

293 1453 529 1542 etantidota,
561 1465 598 1526 et
617 1453 737 1549 primo
751 1453 942 1549 quidenna
967 1455 1113 1539 iustitia,
1143 1446 1328 1552 quaeiuunr
1358 1530 1359 1539 ι

203 1609 208 1618 ·
283 1565 584 1651 ,tribuere'iubet
601 1567 840 1662 unicuique,
857 1589 927 1644 nec
951 1568 1052 1646 bona
1081 1568 1144 1644 sua
1166 1562 1259 1640 alteri
1284 1568 1329 1632 aut
1358 1584 1360 1697 ι

289 1683 530 1780 intercipere,
564 1696 628 1758 aut
653 1679 932 1770 iie‘detrahere,
966 1682 1102 1760 'autea
1130 1652 1359 1758 inminuere

279 1797 462 1897 adeoque
481 1817 551 1872 nec
574 1797 617 1890 iis
641 1795 831 1888 inuidere3
870 1795 916 1871 ad
946 1800 1057 1894 quud
1073 1795 1183 1876 facile
1201 1795 1295 1891 quisq
1277 1806 1330 1884 que

291 1912 500 2018 adducitur
526 1909 550 1986 fi
570 1909 684 1985 modo
710 1910 742 1984 se
761 1907 887 2016 ipsum
897 1912 1071 2000 excutiat,
1093 1933 1206 2008 quem
1221 1903 1332 1980 senium

269 2029 448 2106 ‘iniuriae
475 2025 628 2111 habeat,
663 2023 686 2100 li
711 2023 785 2122 ipse
817 2027 921 2100 bono
943 2023 1073 2124 aliquo
1098 2026 1163 2102 ino
1187 2006 1360 2122 ipolietur

292 2144 339 2220 ab
364 2142 473 2218 aliin—
524 2135 719 2220 Persuadet
741 2143 894 2238 quoque
919 2139 1140 2238 prudentia,
1169 2136 1331 2214 iibnnuu

292 2245 453 2356 quisque
476 2253 581 2332 suum
611 2251 751 2328 seruare
781 2252 909 2328 velit·
899 2269 1111 2351 integrum,
1153 2246 1335 2352 inuitandos

128 2401 136 2432 ι
200 2359 228 2379 ”
294 2367 364 2446 effe
378 2369 472 2471 alios!
487 2389 576 2473 cura·
595 2365 700 2442 irmiii
718 2381 757 2442 et
785 2367 996 2464 diligentia,
1023 2393 1100 2468 qua
1123 2391 1192 2444 not
1215 2382 1334 2442 curun·

198 2497 220 2517 ⁴
288 2484 377 2561 dem
404 2482 593 2593 vtiiitates,
611 2480 752 2557 seruare
781 2495 819 2557 et
843 2485 937 2558 tueri
966 2484 1190 2561 studeamus.
1258 2478 1361 2555 ante*

148 2685 157 2718 ἵ
235 2599 239 2613 '
282 2600 417 2677 tamma
443 2611 651 2681 teneamus,
698 2592 837 2676 neeesse
866 2596 933 2686 etr,
973 2597 1086 2677 iniis
1116 2598 1218 2699 ipris,
1261 2589 1334 2665 vnde

146 2728 188 2791 ',
290 2712 438 2791 laudern
470 2723 506 2785 et
542 2708 674 2784 famam
706 2732 896 2804 paramur,
931 2726 1083 2790 naturae
1121 2730 1159 2790 et
1182 2712 1336 2787 *fortunat

291 2840 411 2928 partes
434 2821 503 2901 eise
527 2823 724 2922 primarias
785 2820 999 2901 Videndum
1026 2848 1120 2927 ergo
1140 2847 1216 2905 nun
1233 2817 1336 2903 modo,

282 2965 402 3043 ⁴quarn
417 2939 594 3062 pulcrum
608 2954 662 3014 et
671 2918 895 3035 praeclarum
922 2936 964 3016 fit
982 2939 1100 3028 iliud,
1131 2940 1243 3051 qqud
1251 2952 1337 3032 appe

188 3106 191 3115 ·
289 3060 424 3140 timus,
453 3054 738 3155 verumetiam,
775 3072 954 3153 quaenam
982 3052 1337 3147 riiasrntadquat

290 3194 360 3246 nos
386 3183 513 3257 natura
533 3164 658 3263 finxit,
683 3176 727 3240 et
746 3188 833 3263 quo
848 3167 886 3242 in
913 3165 1000 3252 loca
1026 3192 1095 3247 nos
1120 3158 1340 3247 collucauerit

289 3284 451 3377 fortuna.
510 3258 566 3357 Ad
591 3282 681 3356 haec
703 3280 779 3355 duo
797 3283 980 3359 metienda
1001 3285 1084 3359 sunt
1103 3288 1243 3370 omnia,
1263 3294 1339 3367 quat

218 3404 226 3427 '
289 3396 545 3499 aggredimur,
585 3402 621 3469 et
646 3397 680 3469 in
709 3395 844 3493 quibus
871 3381 1071 3496 veriamu13
1110 3418 1238 3496 neque
1264 3390 1339 3469 adeo

244 3517 250 3523 ’
288 3516 454 3593 animum
486 3502 549 3585 aut
579 3511 714 3583 turbet*
731 3521 795 3581 aut
815 3524 943 3609 angat,
971 3510 1006 3596 ⁴fi
1031 3499 1264 3612 quidnobis
1290 3512 1340 3577 aut

288 3645 416 3705 natura
439 3636 503 3698 aut
523 3622 673 3699 fortuna
690 3620 846 3716 inuidit3
853 3647 998 3724 neque
1014 3626 1253 3708 inuideamus
1267 3618 1341 3700 aliis,

246 3775 254 3787 ·
279 3740 314 3817 n
336 3738 526 3817 excellunt
551 3738 700 3811 natutae
720 3680 938 3815 fortunaeue
963 3738 1165 3818 beneficio
1139 3733 1320 3847 aliqua'
1311 3750 1340 3806 ru

151 3930 156 3939 .
288 3876 349 3943 re,
376 3868 478 3976 entra
494 3872 622 3973 manua
643 3849 780 3943 nostras
795 3849 934 3974 pusstaj
964 3865 1093 3945 contra
1108 3854 1342 4047 ιιΙΙιιιοιιιιιιιι

1106 4043 1110 4053 .
1163 4048 1168 4055 ,
1248 3964 1343 4047 edo

793 4297 867 4335 ι

242 4364 1362 4935 ,-
