2967 4950
257 430 342 548 306
553 422 785 549 iudiciorum
818 424 1047 542 recognitio
1088 475 1123 525 ·.

259 634 419 717 iudicet?
467 632 521 714 At·
531 632 758 711 seueritatem
783 632 961 709 malorem
978 622 1210 708 desideratis?
1248 631 1329 713 Sci·
1406 709 1407 718 a

260 753 347 831 licet
365 752 612 833 minuetum,
637 751 692 821 sin
719 769 792 845 qua
806 746 902 823 luxu
924 759 962 822 et
982 746 1141 838 mollitie
1166 748 1327 825 relaxata

260 865 447 963 disciplina
466 862 660 939 domestica
676 862 715 934 in
750 860 935 960 publicam
953 861 1001 934 ita
1023 863 1092 935 iana
1116 860 1153 935 se
1168 861 1331 939 insinua·
1407 939 1408 962 ἦ

259 984 331 1071 vit,
362 992 399 1053 vt
419 978 604 1055 -seuerio'ra
630 972 764 1051 iudicia
790 994 861 1073 pro
880 972 1111 1072 iniquissimis
1133 973 1203 1049 fint
1225 975 1328 1051 habi·

260 1094 335 1169 turi
356 1092 533 1189 plerique.
580 1084 800 1163 Concessum
821 1088 871 1163 eli
887 1100 1096 1185 temporum
1118 1088 1326 1179 necessitati,

261 1222 301 1281 vt
335 1204 438 1285 latini
465 1204 640 1279 sermonis
672 1200 753 1277 usus
779 1204 818 1277 in
848 1200 1047 1300 disciplinis
1082 1202 1267 1279 tradendis
1289 1215 1328 1289 et

261 1319 440 1395 discendis
462 1318 731 1393 remitteretur:
773 1323 868 1414 quot
888 1330 927 1391 et
948 1328 1084 1413 quanta
1108 1316 1327 1399 detrimenta

116 1476 128 1489 .
160 1508 163 1515 ,
262 1456 304 1509 ea
329 1456 384 1509 res
408 1424 611 1507 litterarum
628 1428 747 1504 studio
771 1427 911 1527 ipsique
926 1432 978 1503 rei
998 1430 1167 1527 publicae
1186 1428 1325 1507 attulit!
1355 1420 1358 1426 ’

260 1546 498 1623 Abiiciamus·
514 1564 674 1619 omnem·
692 1542 988 1619 dodiliumonis
1017 1544 1137 1621 vsunr:
1173 1548 1222 1619 ita
1246 1560 1327 1619 tan·

159 1650 161 1657 ’
213 1660 347 1765 'dem
370 1660 415 1733 de
437 1657 561 1733 studiis
593 1654 835 1731 seueriotibus
860 1656 979 1733 adum
1006 1655 1075 1735 else
1102 1658 1323 1736 videbimus.

134 1852 138 1856 .
261 1774 309 1851 At
330 1772 487 1847 remedia
514 1768 837 1865 circumspicienda
859 1768 961 1847 sunt!
1004 1769 1160 1871 Vtique,
1197 1770 1329 1848 ficor-

206 1910 217 1973 ,·
259 1910 350 1987 pora
379 1878 540 1961 contuita
568 1882 729 1957 remedia
753 1882 898 1973 serunt,
948 1905 1044 1982 qnae
1077 1884 1121 1961 ad
1150 1888 1328 1963 morbum

259 1999 514 2097 repellendum
532 1996 612 2071 satis
629 1992 789 2072 efficacia
807 1996 884 2073 lint.
938 1997 1055 2091 Quod
1074 2003 1112 2074 in
1133 2001 1327 2075 academiis

258 2114 389 2190 nolitis
407 2111 581 2189 iuuenilis
603 2113 727 2186 aetatis
747 2112 911 2189 custodia
931 2126 1073 2188 tantum
1103 2137 1181 2189 non
1198 2116 1328 2189 omnis

104 2180 107 2188 Ι
173 2252 211 2311 ἵ,
260 2226 397 2305 sublata
422 2222 493 2317 'elt3
522 2224 626 2325 quod
650 2224 696 2301 ad
713 2223 926 2325 disciplinae
941 2240 1113 2325 paternae
1129 2228 1328 2325 indulgen·

262 2345 348 2417 tiam
383 2341 514 2418 iudicis
543 2353 579 2413 et
604 2338 833 2437 magistrante
855 2340 1025 2419 seueritas
1055 2342 1105 2416 eli
1135 2356 1325 2419 reuocata:
1390 2374 1394 2379 ¹

261 2448 389 2533 multa*
409 2476 616 2553 magnaque
640 2452 781 2528 damna·
798 2455 850 2529 rei
878 2454 1072 2534 litterariae
1098 2470 1136 2533 et
1158 2456 1328 2555 publicae

260 2570 405 2647 inflixit
466 2570 513 2643 At
537 2568 735 2665 praecipite
760 2567 915 2647 consilio
939 2587 1082 2646 mutare
1108 2571 1193 2648 talia
1218 2571 1330 2660 velle,

251 2682 503 2782 imprudentis
524 2680 685 2756 hominis
704 2678 799 2758 esset
859 2680 1114 2782 Expectandae
1136 2684 1220 2762 sunt
1235 2700 1329 2760 tem·

259 2809 473 2898 porumaut
493 2791 751 2906 vicissitudines
766 2810 830 2872 aut
847 2787 1164 2898 opportunitates,
1191 2802 1330 2898 quibus

260 2913 325 2985 ani
353 2909 410 2984 vel
436 2909 541 3004 alteri
567 2908 665 2984 maio
694 2913 841 2987 occurri
870 2911 988 3015 poffit.
1063 2909 1204 2989 Verum
1246 2911 1328 2988 satie

141 3053 144 3058 ·
259 3022 377 3100 multa
395 3021 442 3098 de
455 3023 515 3098 his
531 3021 623 3136 dicke
642 3022 760 3099 sunta
776 3026 860 3100 viria
880 3025 1010 3114 doctis,
1030 3028 1094 3123 qui
1116 3025 1162 3100 de
1180 3028 1330 3102 uniuer-

114 3231 118 3238 ,
218 3211 227 3224 ,
260 3137 423 3214 sitatibus
451 3137 634 3214 litterariis
662 3124 896 3232 scripserunt3
941 3140 1036 3214 inter
1062 3139 1132 3214 hos
1161 3141 1331 3237 principe

261 3250 349 3353 loco
381 3251 451 3326 suit
475 3251 509 3326 b.
534 3252 654 3327 noster
681 3249 896 3356 Michaelic;
940 3250 1009 3327 alia
1042 3253 1081 3326 in
1119 3253 1328 3330 receufibua

192 3377 197 3384 '
257 3366 389 3440 nostris
408 3366 605 3455 litterariis,-
627 3366 771 3464 quoties
783 3362 970 3441 librorum
991 3358 1102 3441 huius
1118 3370 1339 3464 argumenti,

239 3463 408 3582 'atla'est
434 3479 593 3569 censura.
662 3473 837 3566 Quaestio
867 3468 1022 3579 quoque
1045 3480 1329 3580 propositasloit

257 3616 279 3672 a
302 3592 481 3698 societate
504 3591 548 3669 R.
574 3589 820 3672 Scientiarum·
839 3591 888 3669 de
904 3591 1218 3672 Vniuerfitatibue
1232 3592 1328 3672 Ger·

259 3700 402 3784 maniae
424 3705 623 3792 litterariis,
662 3726 865 3802 earumque
890 3707 1153 3785 constitutione
1175 3723 1213 3785 et
1231 3729 1326 3785 con·

244 3819 412 3908 -ditione,
430 3819 784 3896 commutationibus
798 3833 835 3894 et
851 3817 1222 3924 prd‘grcffiooibusad
1242 3845 1327 3921 pet·

258 3933 444 4011 festiorem
461 3931 624 4014 indolem
649 3947 686 4008 et
699 3934 851 4026 statum3
879 3938 1053 4034 adquam
1073 3937 1327 4036 quaestionem

257 4046 497 4146 grauissimam
515 4043 653 4124 'vtinam
672 4046 843 4136 homines
860 4049 927 4135 illi,
948 4052 1014 4148 qui
1036 4049 1101 4146 fibi
1118 4055 1157 4126 in
1177 4053 1325 4126 vuinet-

158 4179 184 4206 ··
255 4159 399 4254 litatum
422 4159 679 4239 litterariorum
703 4161 854 4241 censura
877 4158 952 4242 tam
974 4164 1123 4244 mulum
1138 4178 1326 4277 arrogant,

397 4317 402 4324 Δ
1178 4301 1182 4307 ’
1270 4276 1328 4356 sui
