2967 4950
945 281 948 289 .
1059 286 1065 331 k
1259 298 1261 301 ,

159 519 163 530 ·
208 473 310 567 ‘ulios
330 471 386 622 nd
400 433 554 588 conferri
578 463 616 564 in
635 474 735 590 suar
750 461 909 594 opihioa.
935 471 1108 592 pertrait.
1160 459 1193 585 ’ς
1238 421 1241 427 ¹

224 665 316 763 ‘lan
336 695 478 772 autem,
508 684 558 757 vti
579 679 833 765 necessarium.
848 668 898 756 ita
915 652 952 757 et
972 673 1113 756 salubre
1127 679 1192 754 lla·

91 827 93 872 l
118 798 263 874 tuimur
281 794 359 884 elle,
371 814 409 873 ut
424 801 462 872 in
480 797 627 873 lumnris
641 799 755 882 ,iuro
770 819 812 870 ac
827 797 988 871 minimis
1002 792 1190 870 dillrdeaint
1305 819 1327 902 ,ς

91 941 93 947 ’
115 914 219 988 inter
238 909 273 986 se
291 910 481 1030 hominem
511 911 678 1010 nihilque
695 911 775 986 fore
788 905 1028 1008 perniciosius
1053 919 1092 983 et
1111 909 1189 982 exi·

91 1053 95 1134 ¹.
117 1023 273 1114 tiofius,
308 1025 420 1140 quam
443 1024 470 1102 sr
495 1027 620 1102 eadem
645 1024 805 1126 persuasa
829 1023 893 1099 fibi
915 1024 1049 1098 hahere
1071 1023 1185 1098 videri

91 1169 92 1174 ¹
114 1139 239 1216 velint
256 1159 397 1217 omnes
459 1139 573 1234 Quod
594 1144 689 1214 enim
710 1163 755 1214 ex
772 1133 952 1214 humanae
967 1149 1115 1213 naturae
1130 1161 1186 1212 ra·

115 1253 225 1328 tione
247 1250 325 1328 fieri
337 1255 446 1362 nullo
463 1256 578 1332 modo
595 1255 731 1354 potest,
746 1249 840 1355 (qua
858 1242 955 1327 enin'r
977 1254 1012 1326 vi
1020 1254 1184 1350 ,quibus

112 1366 356 1454 machinis,
345 1389 384 1442 rn
400 1384 498 1444 tanta
514 1371 771 1466 ingeniorum,
799 1366 1099 1466 moltonnum,
1127 1367 1184 1441 in·
1277 1368 1281 1376 '

112 1481 336 1570 stitutionis,
359 1484 526 1586 omnium
550 1506 671 1558 rerum
697 1480 771 1558 [iun
794 1503 813 1554 a
838 1482 1041 1556 naturaevi
1066 1477 1139 1586 liue
1161 1501 1182 1555 a

110 1593 318 1673 voluntatis
349 1596 531 1675 humanae
553 1599 722 1674 varietate
753 1593 1080 1695 proficiscentium,
1125 1588 1181 1668 di·
1291 1595 1297 1606 ’

107 1705 279 1784 verfitate
296 1709 341 1784 ad
359 1710 511 1787 eandem
531 1711 709 1808 opinandi
736 1722 773 1785 et
797 1709 984 1803 iudicandi
1009 1730 1180 1813 normam
1294 1698 1297 1707 ’

91 1823 307 1918 'adigantur
321 1813 516 1924 ornnesi)
536 1826 574 1900 id
591 1825 613 1902 sr
635 1839 758 1902 tamen
777 1834 1041 1922 extorqueatur
1064 1834 1101 1897 et
1115 1845 1180 1898 co·
1211 1828 1214 1836 '

103 1949 240 2035 gutur,
269 1950 333 2012 aut
348 1937 641 2044 arimundacium
659 1955 695 2015 et
714 1939 871 2038 speciem
885 1939 1177 2017 commentitiam
1197 1926 1200 1930 Δ

99 2047 311 2149 falsamque
328 2053 446 2130 redire
470 2051 609 2130 necesse
638 2054 708 2146 est3
749 2066 813 2128 aut
834 2051 930 2128 illud
958 2051 1116 2151 stuporis
1140 2063 1177 2133 et
1301 2129 1304 2132 .

99 2167 338 2262 ignorantiae
381 2180 558 2266 tanquam
597 2167 792 2266 caliginem
833 2167 964 2241 animis
988 2165 1173 2240 indultam

97 2279 246 2374 arguit,
274 2279 322 2356 ita
341 2293 379 2356 vt
397 2282 553 2357 omnino
575 2281 667 2356 nihil
693 2280 922 2376 intelligant,
961 2277 1054 2350 nihil
1077 2276 1175 2350 iudi·
1263 2290 1269 2306 ·

98 2405 204 2470 cent.
262 2391 368 2467 Nihil
387 2383 480 2468 adeo
496 2391 564 2479 elle
584 2394 701 2490 potest
717 2391 820 2489 quod
837 2388 964 2490 paullo
981 2387 1222 2489 sapientior.
1288 2405 1294 2419 ⁴
1392 2396 1395 2405 ’

98 2507 265 2603 quisque
282 2530 323 2583 ac
342 2506 560 2603 prudentior
575 2507 750 2605 urinusiu
769 2508 864 2593 votis
880 2502 1029 2602 habeat,
1059 2504 1172 2608 quam
1267 2515 1274 2527 '

95 2634 142 2692 vt
170 2616 300 2693 iisdem
320 2620 565 2717 ¹opinionibus
588 2617 785 2719 religiohs,
814 2617 958 2693 'eodem
986 2616 1173 2719 dotlrinae
1211 2673 1213 2680 ,
1262 2626 1265 2633 ’

91 2720 306 2831 systemate,
337 2734 463 2807 eadem
486 2724 710 2837 persuasione
724 2733 771 2808 de
787 2734 918 2821 rebus,
944 2753 1037 2830 quae
1054 2733 1100 2812 ab
1116 2734 1173 2808 in'·
1279 2730 1283 2742 “

91 2846 212 2923 finitis
240 2842 365 2921 caulius
387 2846 425 2922 in
451 2846 882 2949 idemconcurreutibus
907 2844 1064 2945 pendet,
1096 2858 1172 2923 vta·

91 2980 342 3037 muromnes.
403 2957 478 3036 Vix
496 2961 569 3035 vlla
586 2964 735 3038 euenire
753 2960 859 3059 pollit
882 2962 1000 3042 maior
1021 2960 1167 3037 calami·
1240 3036 1244 3042 ,
1362 2948 1368 2959 ’

91 3088 153 3155 tas
178 3077 423 3173 omniumque
447 3076 653 3164 bonorum,
700 3076 835 3174 quibus
861 3076 900 3148 in
930 3073 1009 3153 ‘hoc
1040 3098 1164 3149 rerum

91 3190 188 3265 statu
218 3178 401 3264 tolerabili
423 3186 605 3275 fruimur,
639 3187 797 3273 ructio,
834 3182 1019 3285 quanio,
1062 3187 1166 3287 quod
1268 3224 1278 3237 ·

91 3300 207 3406 multi
224 3303 262 3376 in
291 3304 384 3377 votis
406 3301 562 3390 habent,
598 3304 763 3393 eueniat,
801 3315 860 3389 vt,
901 3302 1002 3375 verbi
1037 3299 1165 3391 caussa,
1199 3371 1203 3382 .

91 3436 228 3493 omnes
244 3428 281 3505 et
295 3416 450 3493 vniuerir
468 3418 507 3493 in
523 3416 655 3514 placita
672 3417 794 3493 ‘nostra
821 3414 985 3512 religiosa
1013 3415 1165 3491 consen·

91 3533 196 3607 tiant.
249 3528 482 3627 nonenim,
500 3528 564 3606 nisi
582 3532 686 3606 omni
702 3530 879 3606 sentiendi
903 3552 948 3604 ex
966 3530 1089 3625 animo
1108 3517 1171 3604 ira-¹

91 3634 541 3741 dicandique'facultatee
566 3632 691 3721 medio
713 3644 850 3719 sublata
875 3640 952 3719 fieri
977 3643 1014 3729 id
1035 3640 1163 3743 pollet.
1249 3677 1250 3680 κ

91 3744 203 3849 Quin
232 3756 503 3858 [apientillrmus
533 3762 690 3858 quisque
723 3774 760 3833 et
782 3758 946 3857 optimus
974 3756 1012 3831 id
1036 3760 1163 3857 potius
1262 3828 1265 3837 ,
1308 3776 1311 3783 ’

91 3881 179 3968 aget
202 3864 339 3961 sedulo,
371 3887 430 3962 vt,
463 3890 557 3972 quae
576 3874 667 3949 icitu
685 3871 922 3969 iudicatoque
937 3869 1012 3977 ipse
1029 3872 1162 3976 viderit

91 3982 161 4063 elle
177 3982 349 4074 meliora,
374 3984 584 4086 perspicue,
612 3975 885 4073 candide‚‘s1ne
903 3985 1023 4063 {ludio
1041 3987 1157 4072 etita,
1246 4050 1250 4090 Ι,

91 4098 209 4177 tradat
224 4112 261 4174 et
279 4092 427 4198 publice
445 4114 626 4199 exponat3
645 4100 842 4199 rerumque
857 4099 949 4175 adeo
958 4120 1159 4197 argumen-

91 4216 153 4305 :is,
181 4226 259 4291 non
277 4216 437 4314 partiuin
463 4214 616 4307 studio,-
642 4214 769 4291 alios
758 4238 798 4291 tn
821 4213 1033 4306 senteutiam
1059 4212 1159 4288 luam

575 4326 781 4424 h3
851 4343 854 4348 '
959 4325 1154 4428 pertrahet,
1218 4361 1221 4368 ·
