2967 4950
223 452 317 543 siim
345 448 573 568 nrs‘ronstns
590 455 630 540 iri
652 449 745 566 suus
767 455 929 574 spissos&
949 457 1127 574 petitas·
1182 483 1213 573 9

132 685 227 738 cum
241 661 434 756 ‘enmpqui
452 660 491 733 in
507 671 607 735 tuam
621 657 837 756 sententiam
855 665 1060 744 concedere
1077 665 1215 752 noluit,

132 780 213 854 asia
232 777 379 874 agendo
402 773 641 872 perstringas,
673 793 737 852 aut
753 775 940 856 sententiis
961 785 1129 857 vniuerfe
1150 803 1216 856 cx·
1352 822 1362 848 ι

133 892 279 992 piscitis
297 905 424 986 tangas
441 909 485 964 ac
512 887 679 974 vellices,
716 893 766 966 ita
793 905 834 966 rt
858 891 924 968 itte
950 897 990 969 iri
1014 894 1048 970 se
1075 893 1213 972 ditium

134 1003 369 1106 putet'quod
381 1002 712 1104 iuruigusdicium
728 1004 798 1096 esi3
815 1001 1016 1086 Vticontra
1033 1009 1080 1086 ad
1093 1009 1217 1084 morbi

135 1127 178 1197 iii
213 1116 440 1220 praecordiis
471 1115 662 1194 saeuientis
688 1117 788 1218 signa
810 1120 1044 1199 referendum
1072 1124 1141 1206 esi,
1174 1120 1215 1210 fi.

135 1233 327 1333 quicquid
344 1233 390 1306 ab
409 1232 526 1308 altero
544 1251 696 1329 isquam
712 1232 850 1308 ditium
869 1233 1091 1334 scriptumne
1105 1235 1219 1322 sitad

136 1339 378 1446 te'spesiarc.
407 1362 445 1420 te
462 1349 543 1444 peti
554 1368 598 1421 ac
616 1343 731 1422 lacessi
754 1359 873 1445 putes.
931 1350 987 1426 sta
1004 1365 1219 1428 occaecatus
1240 1357 1246 1374 “

84 1455 91 1464 ’
137 1464 288 1538 morbo
303 1461 446 1557 animus
468 1459 580 1536 modo
603 1459 783 1550 aiterum,
813 1464 932 1542 modo
950 1465 985 1540 se
1008 1464 1218 1563 ipsum,‘cb

138 1565 325 1653 omuibus
343 1571 520 1673 designari
537 1576 709 1676 potique,
730 1575 829 1680 laedi
848 1593 887 1656 ct
900 1582 1085 1678 exagitari,
1100 1593 1216 1678 putat

262 1799 341 1878 Iam
360 1799 483 1880 morbi
499 1800 633 1884 caussas
650 1827 763 1883 nemo
787 1821 860 1884 tam
884 1806 1039 1884 latentes
1070 1820 1135 1884 aut
1157 1827 1221 1883 ou-

146 1915 268 1994 cuitas
294 1915 446 2005 dixerit,
490 1920 583 2016 quin
612 1921 658 1997 ad
690 1922 992 2020 cognoscendum
1021 1921 1217 1998 facillimae
1308 1971 1318 1982 -

145 2031 228 2108 sint.
264 2028 344 2130 Ipse
360 2046 509 2146 naturae
529 2035 669 2112 nostrae
688 2050 725 2112 et
740 2038 883 2135 ingenii
899 2040 1058 2134 impetus
1074 2037 1123 2110 ita
1137 2034 1221 2120 fert,

147 2163 188 2222 vt
215 2146 334 2220 nostra
368 2149 588 2260 probemus,
630 2163 745 2250 vtque
767 2152 895 2228 eadem
921 2151 979 2226 asi'
971 2174 1000 2225 is
1030 2150 1223 2248 cupiamus

148 2261 317 2358 probari:
349 2261 467 2336 nihil
457 2286 495 2338 iii
514 2261 651 2348 hocesi
679 2258 791 2364 quod
811 2265 1097 2361 improbandum
1121 2259 1224 2334 dixe-

149 2379 218 2468 ris;
245 2371 321 2473 ipse
337 2399 441 2452 amor
461 2379 581 2452 nosset
600 2379 780 2463 aliorum,
810 2374 1008 2475 propensio
1025 2373 1222 2450 voluntatis

150 2492 190 2565 in
216 2512 279 2565 cos
297 2504 334 2565 et
352 2488 523 2575 affesius,
554 2488 627 2599 ipsa
647 2492 766 2589 prima
787 2491 933 2567 stamina
953 2489 1059 2567 studii
1079 2505 1225 2567 natura·

154 2602 203 2679 lis
237 2604 382 2701 quoad
408 2592 633 2681 societatem
642 2606 735 2679 vitae
762 2606 959 2694 trahimur,
996 2602 1044 2681 eo
1067 2606 1221 2681 ducunt.

155 2714 374 2795 Consultum
390 2740 492 2795 nuuc
508 2716 613 2807 esset,
649 2719 827 2807 iuditium
847 2735 884 2795 ct
904 2718 1097 2797 consilium
1122 2716 1225 2793 adhi·
1237 2817 1239 2826 Ι

155 2832 260 2921 bere,
302 2854 393 2917 num
420 2829 498 2907 sieri
520 2857 584 2932 ptr
605 2855 733 2909 reruni
759 2834 1031 2933 hominumque
1057 2849 1224 2909 naturam
1338 2924 1344 2935 ι

152 2940 279 3052 possit,
318 2932 357 3022 vi
379 2950 583 3045 probentur
609 2947 736 3023 eadem
765 2947 962 3037 omnibus,
996 2962 1111 3047 itque
1136 2966 1226 3021 coii-

153 3038 309 3135 sentiant
327 3058 413 3136 alii
402 3082 441 3134 iii
459 3061 559 3139 idem
574 3062 676 3159 quod
690 3061 755 3162 ipfi
773 3062 986 3156 sentimus3
992 3058 1098 3160 quod
1117 3057 1141 3134 fi
1157 3056 1225 3133 dis-

154 3174 335 3261 sentiunt,
360 3174 560 3251 videndum
577 3170 684 3263 essct,
712 3200 760 3251 an
776 3200 857 3261 nou,
877 3176 942 3277 ipsi
968 3174 1100 3251 melius
1128 3174 1221 3248 iudi·
1262 3219 1266 3229 ·
1343 3218 1353 3243 s

154 3300 262 3375 cent,
294 3300 336 3363 vt
349 3289 416 3365 tibi
434 3288 499 3387 ipsi
512 3290 550 3367 in
572 3312 701 3367 eorum
720 3288 933 3368 sententiam
959 3286 1224 3372 transeundum

155 3400 215 3496 sit;
244 3414 328 3491 aut,
359 3400 524 3495 sialiter,
560 3406 696 3502 quibus
724 3406 968 3510 argumentis,
1012 3404 1148 3501 quibus
1174 3423 1228 3475 ra·

156 3517 322 3592 tionibus
338 3516 494 3597 addutii.
552 3515 649 3616 Fieri
669 3520 767 3595 enim
783 3520 919 3618 potest,
949 3521 1080 3615 partini
1104 3529 1143 3601 it
1165 3511 1228 3590 alii

158 3654 232 3706 rem
254 3632 413 3729 penitius
431 3630 649 3731 perspcsiam
663 3630 841 3722 habeant,
859 3634 991 3734 partim
1013 3648 1067 3719 vt,
1086 3631 1131 3706 ub
1148 3623 1233 3705 aliis

157 3746 210 3821 rei
231 3744 540 3844 contemplandae
560 3750 785 3837 rationibus,
814 3746 938 3824 caussis
961 3746 1225 3845 principiisque
1257 3790 1262 3806 ·

157 3858 331 3957 profetii,
375 3871 412 3935 et
436 3858 506 3960 ipfi
527 3860 620 3938 reite
645 3860 829 3939 iudicent:
872 3860 913 3937 vt
935 3863 1027 3937 adeo
1056 3859 1226 3953 vtiiiiquc
1263 3903 1267 3921 .

158 3973 320 4049 veritatis
344 3972 572 4071 aliquantum
592 3975 675 4052 infit
689 3976 853 4069 iudiciis,
871 3974 1079 4053 dummodo
1098 3969 1228 4051 consii-
1297 3984 1308 4004 ’-

88 4084 89 4161 i
159 4100 283 4163 tuatur
299 4086 472 4165 candide
453 4111 554 4187 quo
571 4087 643 4169 fine
658 4088 751 4167 illud
767 4090 1091 4169 circumscribatur
1121 4082 1228 4159 Enim
1298 4132 1301 4139 -

160 4222 249 4279 iero
265 4202 316 4283 ita
339 4195 468 4307 vulgo
470 4202 623 4283 facimus
639 4210 788 4295 oiiiiies,
815 4219 873 4299 it,
898 4228 974 4284 nori
996 4195 1230 4389 quiddsentisat

88 4320 89 4327 ‘
720 4319 749 4397 A
784 4342 800 4415 5
1067 4334 1086 4389 a
1117 4334 1177 4390 uer
1193 4332 1228 4388 a·
