2967 4950
242 479 417 598 praemia
436 490 472 563 et
485 467 747 634 quaestiones
730 497 771 562 ιιι
792 498 831 564 a
849 469 1114 572 LXXXIX.
1174 503 1227 598 13

152 683 259 762 Nam
273 681 428 784 quidest
446 679 550 780 quod
564 679 631 756 ab'
619 681 775 780 ingenio
791 679 957 778 humano
966 683 1228 784 proficiscatur,

151 798 267 899 quod
284 820 361 873 non
380 797 420 871 in
440 794 565 871 diuers
559 819 597 872 as
618 809 738 894 partes
754 795 964 894 trabi,non
980 801 1229 898 inutilitatem

154 935 348 990 noxamue
365 911 458 986 verti
476 905 601 1008 poiirt!
639 908 742 1008 quod
768 910 818 985 est
844 909 1023 990 societatis
1045 915 1228 998 humanae

152 1027 384 1113 institutum,
412 1023 516 1122 quod
537 1045 613 1098 non
632 1020 750 1099 laudis
768 1025 902 1122 pariter
921 1049 964 1104 ac
981 1027 1230 1128 reprehendo·

153 1143 217 1216 nis
232 1142 420 1216 materiam
436 1137 609 1213 idoneam
628 1138 812 1236 praebeat,
821 1162 891 1238 pro
906 1153 1005 1220 tanta
1018 1141 1230 1241 hominum,

151 1253 409 1352 ingeniorum,
425 1252 679 1340 voluntatum,
710 1249 1023 1384 confiliorumque
1044 1263 1230 1354 varietate,

155 1368 362 1464 usibusque
392 1363 538 1442 diueriis
568 1367 835 1466 contrariisque
861 1371 998 1468 quibus
1022 1375 1148 1454 eadem
1173 1401 1254 1481 res·

156 1477 378 1558 adhibetur!
415 1475 697 1590 Itaqueoptima
715 1502 885 1582 quaeque
910 1496 948 1560 et
979 1485 1157 1567 utiliibma
1180 1495 1228 1570 ab

154 1575 429 1696 improbiiiimo
467 1615 619 1694 quoque
646 1593 691 1670 ad
731 1595 882 1673 exitiosa
904 1595 1053 1676 eonfiiia
1089 1603 1231 1684 defledi

155 1707 318 1811 poffunt
388 1705 480 1800 Quo
502 1705 564 1804 fit,
605 1719 645 1786 vt
669 1709 779 1785 etiam
804 1711 982 1828 instituta,
1023 1718 1231 1798 multorum

157 1841 369 1922 temporum
387 1823 447 1896 viu
473 1825 649 1922 probata,
675 1825 792 1902 modo
812 1847 898 1908 cum
915 1840 1127 1928 temporum
1145 1835 1244 1935 pro·'

156 1935 299 2038 greffu,
344 1937 459 2013 modo
490 1953 669 2036 repente,-
687 1957 995 2069 corrumpantur
1016 1969 1231 2049 noxamque

159 2053 391 2130 contrahant
449 2045 592 2127 Verum
617 2052 727 2128 nimis
751 2067 839 2129 nota
860 2052 950 2134 haec
968 2051 1076 2150 ιιιιιι,
1116 2083 1229 2162 quam

159 2182 200 2243 vt
223 2169 262 2241 in
283 2167 339 2240 ιιι
371 2165 565 2242 uniuersrm
606 2169 856 2245 memorandis
892 2171 1137 2252 laborandum
1175 2175 1227 2254 sat

158 2281 404 2359 Maneamus
394 2303 432 2356 ιιι
448 2301 584 2379 genere
602 2278 809 2357 hocrerum
825 2284 865 2356 in
881 2303 1059 2377 quocum
1072 2291 1231 2368 maxime

158 2395 349 2475 versamur.
410 2390 622 2470 Certamina
639 2394 735 2468 inter
752 2405 892 2468 veteres
918 2416 1003 2475 cunr
1030 2421 1230 2503 corporum

159 2510 495 2607 tumingeniorunr'
522 2507 740 2609 viguerunt.
797 2504 953 2601 Quanta
975 2536 1104 2593 eorum
1133 2518 1231 2598 bona

102 2710 105 2717 ,
159 2626 261 2703 fuere
277 2624 455 2724 ingenti
437 2618 545 2697 laude
561 2632 598 2695 et
621 2618 892 2720 praedicatione
913 2620 1109 2727 magnifice
1136 2634 1233 2712 cele·

162 2732 279 2818 brata'!
317 2735 506 2813 arcadem
531 2739 727 2811 certamina
753 2754 848 2835 quot
872 2744 1095 2843 quantisque
1119 2748 1230 2878 noxio

160 2854 261 2929 fuere
291 2848 475 2927 obnoxia!
526 2843 737 2949 Corporum
769 2851 921 2949 quidem
953 2862 1228 2951 exercitatione,
1330 2906 1336 2915 ·

160 2970 264 3045 cuius
285 2962 509 3071 neglectum
519 2986 588 3039 nos
604 2962 731 3073 multis
756 2968 975 3066 magnisque
995 2972 1100 3048 malis
1126 2974 1253 3075 saepe·

160 3080 317 3168 luimus,
346 3077 437 3178 quid
454 3062 522 3153 eise
545 3056 668 3177 potuit
687 3076 829 3168 utilius,
853 3079 959 3157 ιιιιι
949 3088 1118 3183 inprimis
1136 3103 1232 3163 aeta·

86 3190 88 3207 ’
161 3198 280 3283 tibus,
310 3196 348 3268 in
367 3194 502 3292 quibus
521 3194 655 3267 virium
679 3190 815 3281 robur,
849 3198 1103 3275 membrorum
1126 3202 1233 3302 agili·

86 3312 87 3315 ‘
163 3322 233 3395 tas,
260 3307 433 3384 uelocitas
450 3306 607 3407 pedum,
631 3304 771 3382 adrem
790 3306 984 3419 militarem
997 3326 1139 3391 tantum
1149 3336 1233 3393 mo·

163 3424 277 3501 menti
293 3422 453 3497 baberet
513 3418 613 3495 Abiit
627 3418 749 3518 postea
770 3442 828 3496 res
844 3420 889 3497 ad
914 3447 1057 3503 morem
1081 3428 1231 3508 inanem

86 3546 87 3605 ῑ
164 3552 198 3611 et
210 3536 256 3612 ed
274 3533 407 3611 ludum
422 3532 762 3633 spectaculumque,
795 3535 948 3614 inuenta
967 3537 1052 3617 sunt
1071 3564 1170 3620 noua
1189 3566 1234 3623 ac

86 3684 87 3750 ς
164 3652 252 3727 mira
278 3650 519 3727 certaminum
552 3668 707 3747 genera.
741 3643 878 3745 quibua
908 3674 1108 3752 corporum
1135 3659 1229 3733 vireu

86 3804 87 3813 ι
165 3786 240 3839 nou
260 3776 485 3861 augerentur
499 3760 558 3837 sed
572 3758 849 3855 frangerentur,
875 3764 1100 3866 habitusque
1114 3792 1231 3847 mem·

165 3876 315 3954 brorum
333 3898 410 3951 non
427 3874 628 3971 fingeretur
642 3887 679 3948 et
695 3873 962 3967 emendaretur,
979 3900 1120 3967 rernm,
1134 3882 1232 3959 vinu

164 3989 255 4067 adeo
272 4004 377 4067 certo
393 3986 632 4088 praescripto,
662 3985 873 4065 obei‘rtatem
893 4012 937 4067 ac
949 3966 1232 4101 pinguedinem

166 4126 250 4209 qum
270 4104 432 4183 vastitate
445 4116 649 4204 corporum
668 4113 705 4177 et
724 4100 927 4181 tarditate
917 4110 1232 4207 ingeniorumque

1083 4218 1231 4319 stupore
1310 4242 1319 4253 ‘
