2967 4950
100 517 107 576 ι
237 459 379 582 ,opud
397 435 613 564 „Romnum
630 412 1123 587 ιιΟιιιιιιιιιβοιιιιιιιΙ.
1181 460 1234 577 71
1315 428 1319 436 ’

98 703 106 774 p
160 669 211 751 ad
237 669 386 771 plebem
408 671 638 768 rogationes
646 666 802 753 ferrent,
835 677 938 745 erant
964 639 1061 745 Cois.
1089 666 1238 747 Aediles

97 821 104 887 2
157 787 322 886 aliique,
349 805 414 884 qur
404 783 476 861 ad
500 783 674 864 Senatum
699 781 898 871 referrent,
923 781 1076 859 Senatus
1099 769 1258 873 autem(

96 907 121 1004 ι’,
158 921 231 1000 qut
221 898 421 999 summam
448 897 629 998 remffpubl
655 893 701 978 ad
728 893 764 972 se
786 895 942 997 spedare
962 895 1151 988 censebat,
1188 897 1238 977 de

95 1069 101 1118 5
160 1012 323 1104 delidis,
352 1035 447 1113 quae
467 1012 616 1113 publica
639 1008 953 1088 animaduerfione
970 1013 1081 1111 digna
1108 1009 1234 1109 essent,

120 1219 123 1228 .
158 1129 414 1227 quaestionem
442 1127 662 1204 decernebat
683 1119 833 1226 (Polyb.
851 1121 926 1214 VI,
948 1148 1008 1203 ιι.
1031 1120 1233 1226 14.)vnde

92 1301 97 1346 Ξ.
158 1243 276 1320 etiam·
298 1242 485 1342 perpetuis
520 1239 795 1340 quaestionibus
827 1239 1031 1319 constitutis
1062 1240 1234 1340 persaepe

121 1451 123 1456 Ι
159 1343 395 1454 quaestiones
416 1367 518 1445 extra
534 1351 703 1430 ordinem
719 1349 932 1430 constitutae
946 1352 1125 1432 audimus.
1158 1351 1233 1432 Eo·

160 1467 248 1546 dem
273 1467 442 1550 adeores
459 1465 572 1564 redit,
608 1487 686 1566 quo
714 1465 878 1543 nostrum
899 1463 1013 1555 illud,
1057 1467 1160 1566 quod
1184 1491 1233 1547 ex

156 1579 288 1660 officio
315 1583 502 1688 inquirere
525 1580 750 1680 magistratus
775 1579 960 1658 indantur.
1018 1576 1120 1658 Inter
1142 1582 1233 1662 haec

88 1789 92 1796 Ι
157 1694 492 1797 plerumque-illud
515 1715 645 1796 parum
669 1705 881 1796 reputatur,
899 1694 1023 1793 ‘quod
1043 1697 1233 1774 constituti

127 1879 132 1888 .
159 1823 264 1893 erant
282 1806 487 1888 Triumuiri
502 1807 694 1912 capitales,
724 1831 791 1909 qur
781 1807 991 1886 inferioris
1005 1809 1146 1887 ordinis
1163 1810 1233 1888 ho·

157 1928 281 2003 mines
289 1925 592 2040 prehenderent‚
620 1925 659 1999 in
678 1921 827 2001 uincula
843 1924 1092 2016 coniicerent,
1113 1927 1152 2002 in
1167 1949 1231 2002 eos

157 2015 519 2117 animaduerterent
571 2033 764 2138 Perpetem
793 2035 911 2126 illud,
955 2038 1060 2138 quod
1088 2038 1135 2118 de
1158 2037 1234 2118 Mi·

155 2153 248 2232 lone
266 2165 330 2232 aut
358 2150 488 2231 Pisone
510 2175 554 2229 ac
582 2149 761 2230 fimilibus
785 2153 1061 2281 potentioribus
1087 2153 1242 2230 ciuibus·

156 2267 294 2351 ledum
325 2267 502 2344 memoria
532 2278 722 2353 tenemus,
768 2286 834 2364 per
856 2264 1028 2342 omnium
1056 2265 1234 2360 ordinum
1276 2280 1283 2290 ¹

82 2381 84 2390 ’
159 2384 262 2458 ciues
293 2380 438 2480 aequali
462 2380 649 2456 moreius
678 2373 783 2453 fuiffe
809 2389 992 2476 putamus.
1051 2377 1233 2459 Aduersus

158 2496 376 2594 potentium
394 2506 517 2569 autem
535 2514 625 2591 opes
644 2514 694 2567 ne
708 2492 748 2567 in
767 2491 872 2567 mor'e
897 2488 1047 2589 quidem
1072 2492 1165 2579 hoc.
1191 2508 1235 2573 rt

162 2631 211 2685 ex
240 2603 366 2685 officio
388 2606 577 2704 inquirant
601 2602 846 2720 magistratus,
887 2602 969 2683 satis
1002 2603 1071 2683 effe
1109 2600 1232 2691 'videas
1270 2594 1292 2618 '⁸

160 2719 337 2822 praefidit.
402 2718 539 2818 Neque
561 2718 681 2797 nostra
707 2702 823 2795 aetat‘e
843 2719 1131 2800 nocentiffimus
1144 2747 1230 2801 rsus
1332 2774 1340 2812 r

157 2834 319 2913 exlndia
332 2832 450 2913 redux
465 2857 485 2909 a
501 2832 766 2931 magistratibus
780 2854 825 2913 ac
838 2832 1024 2913 iudicibus
1039 2836 1234 2915 ordinariis

156 2953 198 3029 in
222 2948 418 3029 discrimen
432 2946 607 3027 sedunus
624 2946 693 3036 est.
722 2968 793 3024 nec
810 2939 987 3026 addudus
1003 2947 1140 3040 soiffet,
1166 2951 1233 3032 niti

156 3068 259 3141 ciues
278 3056 497 3152 extitiffent,
516 3061 583 3139 viri
606 3060 716 3151 boni,
735 3061 850 3142 fortes
868 3074 906 3137 et
922 3064 1142 3155 constantes,
1163 3067 1233 3143 rei·

159 3178 265 3279 publ.
284 3176 436 3261 salutern
449 3175 520 3267 suis
538 3175 746 3255 commodis
764 3176 951 3276 potiorem
962 3175 1153 3271 habentos
1164 3181 1232 3279 qui

160 3316 248 3371 eum
275 3288 493 3393 accusarent.
1252 3302 1257 3311 '

213 3566 218 3573 ·
272 3518 412 3600 nerana
426 3490 550 3620 itaque
566 3518 664 3619 apud
689 3516 883 3599 Romanos
905 3458 1097 3599 accusandi
1124 3531 1230 3619 pote·

162 3634 229 3713 stas
256 3629 410 3739 οηιιιιιιιι
427 3637 484 3731 qui
503 3627 646 3717 velleris
678 3654 773 3733 quae
793 3631 947 3734 quidem
971 3657 1029 3713 res
1049 3634 1230 3728 in‘libera
1253 3640 1260 3651 “
1333 3651 1359 3684 ·³
1385 3637 1391 3722 ,ᾖ

162 3751 311 3827 ciuitate
326 3749 385 3825 vel
401 3750 561 3825 maxime
576 3768 664 3825 cum
687 3748 777 3824 iuris
799 3744 1017 3849 aequalitate
1034 3748 1231 3832 contunde
1385 3757 1389 3842 ’ς

162 3862 230 3955 est3
266 3864 414 3939 interest
440 3864 539 3939 euim
558 3859 813 3951 uniuersorum
841 3874 880 3939 et
901 3858 1153 3960 (iugulorum,
1192 3876 1232 3939 rt
1387 3867 1388 3952 ᾗ

160 4000 257 4076 resp
277 3964 471 4075 saluasrt.
479 3978 646 4059 Verum
667 3987 810 4055 mature
829 3974 1063 4068 intelletiursr
1080 3976 1231 4056 credere
1385 3993 1387 4050 τ

161 4090 273 4179 lieet,
296 4089 347 4169 ad
364 4089 606 4167 accusandum
626 4101 663 4165 et
678 4088 953 4167 detendendum
978 4116 1084 4170 reum
1113 4089 1236 4202 faretri·x
1384 4085 1386 4150 i

135 4218 236 4283 ‘tate
256 4176 405 4329 dicendi
423 4224 518 4309 opus
533 4201 624 4300 effe;
647 4204 742 4315 inde
764 4201 845 4282 usur
859 4201 1010 4297 detuit
1038 4216 1153 4331 artem
1171 4206 1235 4281 ali.
1384 4194 1385 4222 ³

684 4312 753 4411 E
763 4342 808 4421 4
1120 4338 1234 4470 quam
