2967 4950
455 547 482 600 ,ι
513 512 549 585 er
581 500 776 635 praemla·
888 531 906 586 ·.
951 519 954 534 ·
995 517 1035 588 ε’·
1095 519 1174 616 179

111 705 276 802 eratalio
291 699 594 790 Eiuobenefic-io,
627 727 712 780 cum
730 706 888 804 praemia
902 707 957 784 ab.
968 705 1022 786 Eo
1035 711 1173 787 consti·

109 819 272 901 tutatust
295 818 528 916 ingeniorum
555 831 592 892 et
625 805 826 895 litterarum
860 823 1026 908 verterer·
1048 821 1170 915 Ciues,

74 986 75 991 t
109 919 236 1010 aistuti
253 932 417 1019 erlaudi,
447 932 624 1007 redeunte
641 932 789 1010 tinctile
807 933 1038 1036 sollenni,ab
1058 935 1171 1016 Ordi-
1200 989 1202 996 ‹

110 1050 222 1122 nibus
242 1044 488 1123 Vniueriitatis
506 1046 646 1122 notl'rae
662 1047 889 1122 academicae
906 1049 1169 1128 distribuenda:

110 1183 186 1259 quo
204 1159 283 1259 ipso
302 1157 387 1235 Eius
411 1157 590 1232 beneficio
606 1160 792 1266 praeclaro
811 1175 1037 1262 quantopere
1056 1169 1170 1262 pietas
1196 1237 1200 1252 ι

108 1273 221 1361 vestra
245 1276 283 1348 in
310 1272 451 1367 Regem
486 1272 676 1371 optimum.
695 1269 929 1360 inflammata,
976 1276 1171 1378 sensusque

74 1474 75 1478 Ἴ
108 1389 222 1462 uoltri
251 1384 472 1482 affeltusque
506 1386 636 1456 veritas
661 1385 700 1457 in
725 1384 857 1460 laetitia
881 1387 1026 1480 pulilice
1052 1393 1172 1470 decla.

107 1501 223 1575 randa
236 1500 392 1596 probata
410 1519 451 1572 ac
472 1496 591 1601 tetlata
607 1492 674 1572 elle
693 1495 839 1584 debeat,
872 1499 1040 1581 facileest
1056 1503 1099 1578 ad
1117 1508 1172 1581 lu.

109 1612 321 1689 dicandum.
382 1606 488 1702 Qu'ae
514 1612 610 1685 enim
642 1612 755 1686 animi
780 1601 942 1688 sensuum
972 1615 1171 1694 testificatio

105 1729 310 1808 certiorem
318 1736 354 1799 et
371 1723 648 1800 manifestiorem
676 1723 800 1800 fidem
811 1723 862 1800 sui
888 1725 1012 1821 faciat,
1059 1751 1172 1827 quam
1246 1749 1254 1756 ·

108 1843 211 1921 cuius
224 1835 363 1914 canisae
382 1862 400 1912 a
419 1861 471 1913 rer
461 1836 639 1953 alicuips
655 1852 778 1935 gratae
792 1861 833 1912 ac
850 1841 1037 1916 iucundae
1049 1844 1170 1920 lrrrtiu

106 1955 167 2030 vel
189 1951 441 2031 recordatione
459 1951 526 2026 sant
542 1951 905 2060 reperiunturque
919 1959 1055 2032 vtinam
1074 1955 1170 2055 Regi

107 2054 426 2164 Indulgentiffimo
448 2053 690 2142 exultantium
717 2067 924 2142 animorum
952 2071 1083 2164 gaudia
1106 2092 1171 2148 co-

109 2205 186 2279 ram
204 2181 321 2283 testari
336 2175 479 2255 liceret!
513 2175 566 2254 lta
587 2177 835 2254 intellecturus
857 2176 925 2254 llle
953 2178 1037 2256 eilet
1051 2183 1172 2264 bene
1177 2202 1180 2211 ·

107 2271 319 2372 volentiam
325 2291 357 2368 se
369 2291 467 2368 luam
479 2304 516 2366 et
533 2290 690 2381 lludium
706 2290 907 2366 litterarum
925 2292 1173 2384 orrsaudaruur

110 2431 189 2485 non
207 2409 246 2483 in
268 2410 436 2503 «ingratos
461 2422 496 2479 et
516 2405 690 2500 indignos
713 2391 920 2481 contulille.⁴
984 2404 1097 2481 Nunc
1123 2430 1170 2487 err

108 2526 216 2599 tacita
232 2518 505 2596 beneficientiae
522 2519 559 2590 io
579 2519 807 2624 iuuentutem
832 2512 1173 2597 huius·rlcademlae
1279 2603 1280 2612 q

108 2632 393 2713 florentiffimaot
411 2647 448 2708 et
465 2630 555 2730 ipsas
569 2630 705 2707 litteras
724 2630 922 2710 irutluol'ae
952 2634 1174 2720 conscientia
1203 2679 1207 2685 ν

108 2751 273 2827 animum
299 2744 385 2825 llius
413 2743 639 2823 iucunditate
668 2744 795 2844 aliqua
820 2744 1005 2845 perfundi
1025 2746 1174 2826 credere
1219 2782 1225 2796 ’

110 2866 221 2951 licet,
247 2862 411 2960 quoties,
442 2876 535 2959 qnae
554 2862 769 2949 certantium
788 2860 918 2947 studia
950 2884 1056 2992 qnae
1040 2863 1174 2942 vitto-

109 3002 194 3054 rum
211 2977 358 3064 merita,
391 2969 688 3073 quanrdinurn
719 2974 851 3052 iudicia
879 2964 1050 3063 luerint,¹
1066 2976 1175 3055 relci

74 3093 216 3169 uerit.
281 3075 450 3167 Omnino
483 3089 600 3175 euim,
643 3088 764 3186 [iqua
791 3086 944 3169 telicitas
972 3079 1102 3187 regum
1131 3104 1196 3166 ac'
1244 3108 1246 3115 “

112 3206 321 3332 principum
338 3204 531 3279 memorari
550 3202 683 3301 potest,
725 3202 940 3299 quaerenda
935 3228 968 3276 ιι
998 3226 1077 3299 earn
1093 3200 1173 3277 elle

114 3318 436 3405 dicenturnam,
475 3316 645 3422 quodrn
676 3338 786 3413 quanr
821 3314 1013 3413 plurimos
1028 3292 1174 3413 portum
1259 3352 1263 3361 ·

114 3430 288 3511 beneficia
306 3430 549 3514 conferre‚et
566 3418 703 3531 quoda
720 3450 848 3527 quarn
855 3426 1073 3525 plurimisle
1099 3426 1173 3507 coli

115 3548 296 3634 eremari,
327 3546 445 3644 iisque
465 3542 587 3619 salutis
606 3542 686 3619 suae
703 3558 739 3615 et
762 3542 1026 3617 incolumitatis
1049 3559 1193 3628 curam¹
1232 3574 1234 3579 ’

115 3658 185 3737 effe
202 3657 335 3736 vident.
394 3656 511 3764 Quod
531 3658 642 3753 igitur
668 3654 849 3736 felicitatis
880 3670 1017 3771 genus
1014 3654 1175 3752 paterfu·

82 3765 85 3772 ’
113 3774 260 3851 milies
251 3785 343 3847 rntra
360 3793 560 3906 paucorum
586 3770 748 3957 capitum
767 3764 959 3871 munerum
978 3771 1175 3865 experitur,
1186 3782 1192 3803 ⁶

116 3905 155 3965 vt
171 3909 295 3964 catum
312 3884 405 3959 eus
423 3881 511 3971 effe
541 3883 698 3959 abus
678 3882 840 3979 ediligi.
876 3905 1002 3973 eorsum
1027 3897 1110 3961 vota
1130 3906 1173 3969 ac

115 3996 316 4101 tpesimte
347 4018 420 4075 uno
445 3994 575 4096 pofitas'
599 3994 667 4072 else
697 3998 897 4093 intelligat:
941 3996 1013 4090 hoc
1035 4010 1176 4095 quanto
1232 3998 1234 4003 ’
1297 4077 1301 4093 ,

79 4139 82 4172 =
117 4116 264 4192 vberius
281 4111 403 4190 sentiri
425 4108 561 4190 necere
579 4111 627 4187 ell
642 4111 686 4185 ab
710 4132 776 4191 eo
810 4132 919 4209 quem
948 4110 1179 4211 prouidentia

81 4239 83 4254 '
117 4230 240 4308 diuina
256 4224 456 4348 collocanit
472 4248 516 4356 ep
535 4226 576 4319 in
595 4224 698 4337 loco,
738 4228 907 4301 artorius
933 4225 1107 4327 alicuius
1096 4244 1179 4403 pp·-

412 4377 414 4382 ·
525 4426 529 4431 ¹
669 4328 720 4413 Μ
747 4360 769 4413 2
987 4420 989 4429 y
1083 4356 1142 4431 pu
1156 4356 1177 4415 ι
