2967 4950
199 489 202 498 ’
270 453 304 552 6
465 401 724 550 Morbus
743 454 886 572 ingenii
912 438 1101 560 brunoni

212 651 481 781 protrahet,
540 659 666 747 relitio
707 663 844 759 cuique
877 657 997 735 libero
1036 655 1149 753 animi
1192 649 1354 744 iudicio,

277 797 416 874 quippe
427 798 465 850 ιιι
482 771 607 850 cauffis
619 775 883 872 opinabilibus,
891 795 987 873 quae
1002 771 1049 849 ad
1062 771 1355 879 liberumaninai

276 889 464 968 iudicium
477 892 584 966 vnice
615 889 780 1004 redeunt.
885 904 889 908 ’

391 1051 490 1132 Cum
520 1056 645 1153 itaque
669 1061 804 1132 rernm'
818 1043 1091 1154 hominumque
1114 1052 1210 1128 ratio
1234 1048 1355 1129 snum

282 1190 470 1270 quemque
499 1166 578 1245 sana
605 1181 728 1246 mente
752 1170 934 1247 valentem
963 1166 1045 1246 satis
1073 1166 1225 1254 doceat,
1271 1165 1355 1242 fieri
1398 1208 1399 1219 ι

284 1279 386 1392 posse
410 1282 518 1360 nulio
539 1283 675 1370 modo,
705 1296 764 1373 vt,
793 1274 1018 1383 siquid'pro
1042 1266 1131 1356 vero
1157 1294 1194 1355 et
1220 1279 1357 1378 explo-
1396 1232 1400 1359 s

284 1410 366 1475 rato
382 1395 579 1488 habemus,
610 1397 692 1490 alii,
724 1399 791 1503 qni
811 1410 890 1475 non
907 1397 953 1474 ab
970 1395 1099 1480 iisdem
1120 1394 1353 1499 notionibus,
1398 1398 1399 1401 '

284 1509 463 1601 sensbus,
491 1513 655 1602 euentis,
687 1515 970 1612 experimentis,
1008 1508 1226 1596 obseruatis,
1266 1530 1357 1606 pro·

204 1694 210 1711 χ
285 1622 506 1716 ficiscuntur,
527 1649 648 1725 neque
666 1627 794 1702 eadem
812 1626 1011 1726 cogitandi,
1030 1621 1243 1710 meditandi,
1253 1642 1359 1698 com·

151 1805 155 1812 .
207 1807 216 1840 Ι
254 1738 475 1828 ἰιιιιιιιιιιιί
499 1742 555 1816 via
577 1763 619 1816 ac
644 1741 760 1818 modo
789 1763 884 1841 prog
862 1738 963 1816 oreffi
993 1738 1096 1826 sunt,
1140 1737 1239 1813 idern
1261 1734 1359 1813 illud

288 1851 514 1950 perspessum
532 1853 678 1952 pariter,
692 1877 819 1930 rerum
824 1855 1162 1961 exploratumque,
1177 1850 1360 1926 habeant.

166 2055 170 2064 ¹
288 1965 474 2042 labentem
494 1979 531 2042 et
546 1965 733 2078 infirmum
751 1978 1077 2068 aegrotantemqne
1104 1963 1232 2042 iudicii
1255 1963 1359 2045 habi-

289 2089 370 2156 tum
388 2080 575 2178 animique
591 2063 774 2159 morbum
799 2085 1053 2160 imminentem
1072 2092 1136 2156 aut
1158 2081 1230 2155 iam
1254 2078 1361 2155 inua-
1399 2058 1400 2127 s

289 2191 486 2270 lescentnm
505 2193 578 2272 h'oe
596 2199 737 2294 arguit,
767 2196 929 2288 sualios,
958 2198 1077 2274 etiam
1092 2203 1287 2269 renuentes
1303 2196 1365 2269 re·

291 2305 559 2412 cusantesque,
599 2331 734 2410 eogere
760 2311 851 2388 uelis
875 2324 914 2388 vt
934 2309 1035 2390 idem
1059 2321 1182 2386 tecum
1203 2304 1359 2384 sentiant

255 2445 263 2467 ·
290 2419 531 2521 statuamque.
589 2422 760 2517 Quod
722 2449 762 2504 nr
778 2439 918 2506 mature
940 2423 1185 2510 succurratur,
1220 2423 1363 2521 praeui-

293 2532 373 2609 deri
390 2535 625 2633 praedicique
640 2540 776 2634 potest,
806 2542 1012 2634 morbum
1001 2563 1039 2616 ιιι
1062 2537 1202 2614 febrem
1216 2534 1363 2636 pericu·
1400 2545 1401 2638 i

149 2698 156 2714 .
286 2644 408 2725 losam
426 2648 673 2747 tandemque
663 2673 701 2724 ιιι
728 2651 905 2729 insaniam
928 2650 998 2728 esse
1016 2640 1213 2729 abiturum
1289 2659 1294 2669 “
1400 2693 1401 2748 3

343 2811 511 2892 Inter
535 2812 558 2889 s
548 2837 635 2913 gna
661 2818 783 2913 morbi
813 2817 950 2899 occulti
976 2818 1041 2896 aut
1067 2815 1248 2895 manifesti
1279 2817 1366 2894 sunt

173 2985 178 3007 .
294 2869 465 3005 multaac
483 2930 634 3007 variaab
649 2930 860 3030 ipsanatura
875 2932 1149 3032 maliprofetia,
1166 2930 1365 3046 morbique
1400 2935 1401 2946 '

294 3042 566 3121 incrementum
592 3046 858 3125 constituentia
888 3044 1101 3130 Obuiam
1130 3058 1168 3123 et
1197 3057 1368 3147 apertum

297 3154 349 3232 est
364 3152 477 3241 illud,
511 3150 657 3235 sialiter
673 3158 867 3239 sentientes
895 3160 989 3240 ferre
1008 3182 1196 3262 nequeas,
1232 3156 1263 3235 fi
1288 3156 1368 3257 pas-

219 3366 227 3383 ,
295 3267 436 3347 loreas
453 3272 763 3374 ruborelvarietur
779 3278 901 3365 facies,
919 3290 957 3352 et
977 3267 1164 3378 respiratio
1180 3274 1222 3351 sit
1239 3274 1368 3350 crebra

297 3404 341 3461 ac
358 3380 550 3479 difficiliss
566 3383 613 3475 sr,
637 3390 751 3489 pulsu
768 3391 1226 3491 uenarum-praecipitato,
1248 3385 1366 3474 modo
1385 3377 1388 3384 ’

187 3565 190 3574 .
279 3497 530 3593 ‚corneliam
547 3499 681 3600 corpus
699 3506 814 3583 modo
838 3506 991 3581 horrore
1017 3503 1176 3583 cuticula
1194 3502 1370 3601 corripia-

298 3624 380 3706 tur3
404 3609 448 3699 sl,
487 3612 631 3691 dicente
657 3618 795 3708 altero,
831 3619 921 3697 risus
941 3608 1143 3697 Sardoniu's
1171 3639 1215 3695 os
1248 3617 1368 3693 intor-

258 3724 262 3733 '
299 3737 433 3823 queat,
462 3741 524 3805 aut
541 3728 706 3809 oscitatio
723 3735 850 3813 erebra
873 3733 931 3809 vei
948 3729 1049 3809 tuffis
1063 3732 1261 3834 pulmones
1278 3726 1369 3829 qua·

297 3839 386 3928 tiat,
416 3837 441 3917 u
459 3854 596 3921 memor
612 3868 655 3923 ac
670 3848 861 3947 palpitatio
879 3848 1044 3925 membra
1056 3846 1218 3936 inuadat,
1238 3843 1369 3945 lingua

299 3950 499 4042 balbutiat,
529 3969 566 4033 et
582 3959 683 4037 oculi
705 3976 769 4040 aut
783 3964 882 4041 torui
899 3964 1061 4063 rigeant,
1099 3976 1164 4040 eut
1187 3959 1369 4055 vertigine

300 4080 520 4169 urgeantur3
545 4076 713 4171 grauiora
738 4076 839 4167 sunt,
876 4074 965 4153 siin
983 4098 1068 4164 eos,
1111 4077 1177 4176 qui
1202 4076 1242 4149 in
1265 4085 1369 4181 tuam

157 4210 161 4223 ·
303 4178 517 4269 sententiam
544 4190 749 4269 concedere
771 4192 929 4313 nolunt,
974 4187 1027 4268 ita
1051 4203 1088 4270 et
1109 4188 1201 4271 odio
1222 4210 1369 4265 exacer-

1259 4302 1366 4391 beris,

802 4392 811 4405 ι
1094 4370 1124 4415 Χ·

1180 4441 1188 4459 t
