2967 4950
244 275 247 294 ¹
360 330 565 433 eorumque
592 301 724 426 canffir
755 325 793 400 tr
816 314 969 406 ruentis.
1040 353 1048 364 ·
1122 330 1206 433 473

158 537 228 604 tunt
241 521 483 623 gerendorum
505 521 645 600 ratione
662 513 757 598 ae'tas
775 521 945 607 mutauit,
963 531 1026 598 aut
1040 521 1207 623 necefflrns,
1273 517 1280 525 ’

154 653 210 714 aut
225 635 360 722 utililas,
392 636 567 736 pleraque
591 642 676 716 virae
693 639 806 718 melior
823 637 927 723 cultas
949 635 1080 714 abonis
1095 640 1210 712 sitierit

151 747 320 852 prolatius,
352 749 464 830 [unfit.
525 754 646 852 Atque
672 751 762 826 haec
788 748 850 824 illa
874 748 973 835 sunt,
1009 772 1111 848 quae
1133 750 1211 824 bel·
1311 785 1314 797 ·

152 864 264 944 lorum
304 867 620 944 internecinorum
659 865 955 961 opportunitates
995 865 1243 944 hominium

140 981 370 1080 ¹eripuerunt.
395 1033 397 1040 ,
429 977 597 1076 Superest
614 978 711 1054 enim
730 981 767 1051 in
798 969 922 1054 moltis
944 978 1024 1058 satis
1043 983 1211 1056 immani·
1267 1009 1271 1016 ·

150 1097 249 1183 tatis,
285 1109 325 1172 vt
341 1094 594 1169 internecione
612 1091 775 1171 deletum
795 1087 864 1168 etse
896 1093 1011 1169 velint
1032 1094 1212 1192 quicquid

148 1205 315 1286 detreuat
335 1207 550 1303 imperium,
578 1207 875 1308 opinionesque,
907 1228 998 1304 quus
1019 1205 1083 1304 ipsi
1105 1210 1232 1309 imbi-v

149 1325 298 1410 berunt,
326 1318 480 1422 respuit;
510 1320 858 1408 retundunttanten
878 1323 1059 1420 impetum
1085 1322 1213 1407 multa,
1266 1345 1269 1352 ·

130 1459 241 1538 quae
269 1457 355 1512 curn
381 1450 457 1511 arte
488 1434 608 1512 nostra
636 1433 816 1523 bellandi,
861 1459 948 1514 cuns
972 1437 1215 1533 imperiorum

151 1546 295 1638 natura,
325 1551 463 1648 copiis,
495 1552 648 1647 opibus,
676 1572 762 1628 curn
780 1549 868 1627 belli
885 1552 1130 1650 apparatibus,
1148 1551 1215 1649 qui
1314 1538 1319 1545 ’

150 1659 267 1744 multo
287 1665 445 1741 maiores
468 1687 578 1762 quarn
597 1664 687 1744 olim
709 1665 811 1755 sunt,
840 1688 925 1742 curn
945 1661 1142 1744 hominum
1159 1667 1216 1742 in·
1325 1673 1332 1690 ‘

136 1781 282 1880 ¹geniis,
316 1801 399 1856 cum
417 1776 494 1874 ipl'o
515 1780 711 1856 viminum
731 1768 813 1856 l'urtt
835 1781 1051 1874 coniuncta&
1082 1781 1120 1856 in
1137 1789 1238 1881 quo'

148 1897 304 1976 ontnino
335 1877 656 1991 prael'entillimtlm
692 1894 741 1972 est
773 1882 956 1974 matorum
991 1896 1218 1986 remedium3

147 2009 453 2109 quandoquidem
474 2007 536 2082 ille
558 2029 635 2086 non
663 2030 737 2094 vnn
757 2008 831 2086 itm
853 2029 895 2084 ac
913 2001 1118 2097 momento,
1151 2031 1220 2086 nec
1352 2091 1357 2102 ,

149 2127 292 2226 ubique¹
306 2144 371 2223 per
395 2145 547 2198 omnem
566 2137 748 2208 ¹,tertarum
770 2123 900 2200 orbern
929 2122 1019 2221 eripi
1043 2115 1080 2201 et
1108 2123 1221 2199 euelli
1296 2116 1323 2130 ”

145 2240 288 2340 potest..
339 2235 411 2316 Fac
433 2237 531 2312 enim
559 2231 684 2313 multis
711 2236 805 2312 locis
827 2257 978 2316 omnem
997 2241 1091 2312 vitae
1113 2253 1149 2312 et
1164 2239 1221 2313 in·

141 2357 348 2454 geniorum
375 2352 496 2426 lucem
521 2351 715 2428 extiniinnt
742 2347 829 2437 etse,
877 2357 1081 2430 manebunt
1105 2367 1222 2428 terrae

142 2472 235 2559 oliae
262 2466 367 2545 vnde
385 2488 504 2544 nouae
523 2468 683 2576 ingeniis
699 2465 794 2542 laces
810 2468 1060 2563 suggerentur:
1092 2464 1222 2565 Itaque

139 2582 389 2667 humanitatis
408 2580 548 2669 sensus,
579 2604 599 2657 e
621 2582 813 2661 communi
838 2604 879 2659 ac
899 2581 1045 2679 publica
1062 2584 1224 2689 populo·
1327 2662 1330 2666 J

145 2724 228 2778 rum
254 2697 511 2783 institutione,
542 2697 707 2774 moribus
733 2693 900 2791 Europap
924 2711 960 2777 et
986 2702 1222 2794 ingeniorum

142 2814 387 2914 expolitione
418 2808 619 2908 susceptus,
665 2810 786 2909 pudor
814 2831 850 2886 et
880 2816 1120 2901 verecundia,
1161 2814 1231 2885 ali«

143 2948 337 3030 quantum
363 2924 760 3040 imbuitac‘perludit
790 2950 919 3004 eorum
951 2931 1116 3013 animos,
1160 2927 1225 3020 qui

142 3046 258 3125 bellis
293 3040 536 3125 decernendis
573 3056 609 3117 et
639 3042 929 3119 administrandis
956 3041 1143 3137 praesunt,
1188 3047 1228 3121 'vr

139 3160 396 3239 barbarorum
416 3155 679 3235 immanitatem
699 3158 735 3233 in
756 3159 866 3229 vitam
884 3152 1227 3263 nostromintlutere

139 3274 296 3375 sibique
322 3284 464 3347 tanturn
491 3260 588 3367 apud
617 3292 748 3347 omnes
775 3270 895 3341 bonos
919 3280 956 3341 et
980 3267 1142 3362 posteros
1165 3268 1227 3347 de·
1352 3317 1357 3342 2

135 3391 263 3469 decus
306 3384 516 3483 relinquere
547 3381 689 3473 nolint;
732 3378 796 3478 ipsi
831 3381 945 3457 disces
971 3397 1008 3467 et
1029 3382 1230 3458 administri

136 3486 347 3585 bellorum
381 3494 628 3594 gerendorum
644 3496 872 3593 ¹itareducati
905 3516 1026 3591 eoquo
1058 3497 1151 3575 virae
1176 3500 1230 3573 in.

133 3622 434 3719 genioruinque
461 3611 564 3688 cultu
583 3609 715 3685 imbuti
742 3608 843 3697 sunt,
880 3624 917 3687 rt
938 3610 1043 3686 atali
1067 3613 1231 3710 barbatip

128 3756 220 3813 uon
249 3732 385 3809 minus
410 3725 649 3817 abhorreanr3
675 3724 843 3820 inprimis
863 3723 1233 3834 cumlsuperstitioiae
1363 3768 1367 3777 -

130 3848 305 3949 pietatis
331 3838 510 3941 persuasio
530 3862 608 3917 non
633 3852 671 3913 vt
689 3839 943 3937 superioribus·
957 3843 1133 3918 aetatibus
1158 3844 1235 3913 ani.

128 3987 229 4041 mos
260 3955 320 4035 ad
350 3954 618 4042 crudelitatem
639 3952 804 4031 inflectat.
880 3952 975 4034 Com
1001 3973 1116 4055 porro.
1142 3953 1236 4033 belia

123 4088 343 4179 gerantur
372 4091 443 4181 per
473 4067 608 4159 milites
640 4066 850 4257 stipegdiis,
900 4090 998 4194 (με,
1024 4069 1238 4258 tributis?
1334 4128 1341 4137 .

772 4204 849 4281 g5
1130 4203 1239 4261 rect·
