2967 4950
220 323 225 336 ἱ
251 412 348 506 usius
372 413 429 506 ud
449 409 782 574 consensissem
798 418 960 532 opinion
982 415 1159 534 pertrub.
1212 429 1244 534 7

85 615 87 644 ²
153 621 277 712 betis,
310 612 630 699 {sinimicitias'in
656 613 721 700 e'os
747 619 938 727 suscipias,
974 619 1132 702 aliorum
1149 624 1237 706 odia

148 738 192 812 in
206 735 289 814 'eos
309 737 465 826 confles,
492 749 530 812 et
545 733 639 813 clam
654 734 853 836 palamque
869 735 986 816 multa
1008 739 1050 814 iu
1073 761 1139 817 cos
1156 763 1234 820 ura·

147 850 336 943 chineris;
371 854 410 927 in
429 848 585 948 bisipfis
605 849 655 942 esi
684 859 859 948 tanquam
882 851 1216 952 patboguomicum

146 963 179 1043 sa
200 987 270 1040 nee
287 964 448 1066 reliqua,
476 985 572 1062 quae
588 965 627 1038 in
644 987 690 1040 eo
706 960 882 1053 homine,
921 967 988 1066 qui
1005 965 1144 1045 iudicio
1160 985 1228 1048 tuo
1269 1037 1273 1046 .

144 1077 376 1156 subscribere
392 1067 565 1166 recusat,
583 1077 684 1153 bona·
698 1078 801 1167 sunt,
819 1077 1015 1157 laudabilia
1036 1078 1106 1161 elie
1119 1081 1225 1174 aclis,

143 1204 288 1278 contra
304 1194 429 1269 omnia
447 1193 486 1268 in
503 1190 637 1268 malam
651 1203 792 1291 purtem
810 1194 1076 1293 interpreteris,
1119 1196 1225 1296 iuge·

143 1309 260 1382 nium
278 1306 553 1405 doslrinamque
568 1305 796 1412 iudiciosstuo
812 1307 846 1382 ei
871 1309 1028 1407 eripias,
1051 1307 1224 1410 nihilque

142 1418 221 1524 ipss
239 1418 425 1518 relinquas
445 1423 698 1520 praet'erquam
724 1430 764 1499 vt
793 1442 879 1498 emn
910 1421 1056 1523 plorare
1081 1422 1221 1514 iubeas,

139 1533 400 1628 detestabilem
427 1548 464 1610 et
490 1532 780 1616 abominandum
808 1536 983 1613 omnibus
1015 1536 1123 1616 bonis
1152 1533 1223 1616 esse

85 1727 86 1730 Ν
140 1649 287 1747 cupias.
346 1617 405 1724 Est
423 1670 574 1748 quoque
606 1649 842 1748 ingeniorum
866 1671 1142 1751 corporumque
1167 1649 1223 1727 di·

141 1761 319 1838 verbius
309 1785 347 1838 m
368 1759 469 1852 his,
485 1775 525 1836 vs
541 1761 603 1838 alil
629 1765 852 1840 clamoribus
874 1788 924 1841 ac
946 1763 1218 1874 vociferationi·

139 1875 238 1966 bus,
264 1875 329 1954 alii
351 1845 613 1952 dissimulanter
633 1875 863 1954 clandestinis
887 1879 1024 1956 artibus
1042 1901 1085 1956 ac
1106 1878 1217 1956 moli·

139 1991 310 2067 tionibus
328 1987 561 2092 grassentur;
579 1987 711 2068 vultu
702 2002 825 2091 ltaque
842 1989 887 2068 ad
916 1991 1215 2071 beneuolentiam

140 2101 352 2202 compbiito
374 2103 519 2202 occulta
535 2104 800 2182 obsecratione
814 2105 1011 2196 arrodunt,
1025 2106 1214 2184 infamiam

142 2215 369 2318 adspergunt
397 2217 679 2305 calumniando,
716 2218 938 2316 suspiciones
963 2219 1213 2308 disseminant·

140 2332 188 2406 ita
207 2346 248 2409 vt
264 2346 432 2432 repente
432 2329 578 2432 bona
547 2335 687 2406 ciuium
703 2329 852 2408 suorum
872 2331 966 2407 sama
983 2344 1020 2407 et
1036 2331 1215 2409 existima·

143 2447 267 2535 tione,
301 2449 455 2545 ignarus
482 2444 653 2541 omnium
679 2459 821 2535 rerum,
852 2442 1061 2525 exciderit
1049 2467 1099 2536 ra,
1132 2445 1212 2546 qui,

145 2559 342 2659 quacalter
359 2543 515 2667 opinato
524 2532 714 2649 statuerat,
744 2580 815 2634 nec
840 2558 915 2658 ipse
937 2560 1069 2639 eodem
1092 2558 1209 2643 modo

143 2674 296 2751 statuere
331 2662 463 2751 uoluit
535 2667 699 2749 Extremi
724 2670 860 2749 suroris
890 2686 928 2749 et
945 2673 1101 2755 insaniae
1125 2672 1210 2753 suut

141 2786 250 2866 haec.
281 2784 502 2912 flreligiufis
516 2786 713 2865 hominum
729 2784 889 2863 sensibus
907 2801 944 2863 et
962 2787 1106 2866 inuersa
1127 2810 1209 2867 eam
1344 2870 1352 2883 θ

141 2904 185 2979 ad
199 2926 282 2979 tem
297 2903 426 2991 auris,
466 2913 504 2977 ct
521 2898 719 3006 suspedam
738 2889 940 2978 reddideris
963 2902 1082 2992 eiua,
1103 2902 1211 3003 quia

140 3029 177 3094 te
197 3038 426 3116 quacunque
441 3016 481 3091 in
497 3036 537 3091 re
560 3010 777 3104 dissenserit,
812 3015 986 3114 pietatem
1017 3018 1058 3093 iu
1081 3014 1207 3105 deum,

139 3132 186 3207 de
203 3126 270 3219 iis,
297 3152 391 3229 quac
405 3130 446 3203 in
460 3125 913 3227 religiofis‘coutrouersiis
928 3127 1131 3217 habentur,
1150 3130 1210 3207 iu·

140 3244 301 3333 dicium,
330 3242 590 3343 sacrorumque
605 3241 911 3321 celebrandorum
928 3264 1055 3321 curam
1070 3254 1109 3320 et
1129 3238 1208 3319 aui·

138 3358 331 3437 duitatem.
388 3355 487 3433 Nam
501 3368 576 3433 tam
596 3358 711 3433 beatis
726 3358 853 3457 paucis
875 3350 945 3433 elle
967 3353 1071 3442 licet,
1109 3368 1150 3431 vt
1170 3353 1210 3432 vl

137 3486 263 3571 aperta
290 3469 453 3547 insedari
476 3468 744 3558 dissentientes,
780 3469 975 3549 tormentis
1003 3480 1042 3547 et
1066 3463 1210 3547 menib-

137 3588 231 3663 ciuia
251 3588 294 3663 iu
312 3606 378 3662 eos
395 3583 550 3676 benite,
568 3582 732 3686 ,polline

248 3815 290 3894 Si
306 3813 407 3915 ligna
420 3813 513 3893 haec
530 3811 616 3891 suut
634 3785 710 3890 taso
730 3810 917 3893 uraniselle
936 3824 976 3890 et
994 3810 1128 3903 obuia,
1166 3820 1210 3889 rt

136 3928 281 4007 nullius
300 3928 455 4007 oculum
476 3926 603 4005 saliere
616 3924 770 4029 poffins:
797 3927 883 4005 sum
896 3926 967 4029 alia
985 3924 1209 4029 diagnosioe

139 4058 179 4120 et
198 4044 435 4145 prognostica
458 4042 663 4121 occultiore
683 4064 756 4121 uec
778 4041 845 4119 uisi
873 4042 1041 4142 penitiori
1061 4036 1208 4119 medico

85 4238 86 4247 ,
136 4158 452 4300 coguitusacilia3
477 4142 905 4249 ibcrodibileeniur'est,
890 4147 1209 4349 ,irqamvulae
