2967 4950
250 586 255 592 .
297 493 521 590 commer'aiis
542 513 578 588 et
600 500 774 612 nauigat.
793 499 833 606 in
858 493 1020 586 Indiam.
1103 517 1186 592 τοι

129 711 341 805 iterumque
354 701 496 781 euersae
511 701 671 780 Thebae.
727 699 853 780 'liertia
871 723 999 788 eorum
1023 715 1190 782 namatus

128 821 167 896 in
192 820 401 922 Aegyptum
418 817 629 906 incursatio,
657 837 730 915 qna
745 819 784 892 in
795 817 934 892 Abarin
950 815 1078 894 incluli
1094 834 1189 894 mox

130 935 321 1012 deditione
353 933 442 1011 fasta
472 933 678 1043 incolomes
713 933 754 1005 in
789 928 1023 1010 Palaestinam
1067 927 1190 1010 abillle

128 1047 300 1126 feruntur
324 1040 380 1144 g).
863 1073 868 1080 ·

243 1217 424 1316 Recenlet
441 1218 548 1298 Brrice
561 1219 654 1295 alios
675 1214 871 1296 Abellsniae
886 1220 1046 1312 incolas,
1075 1220 1192 1320 inque'
1332 1318 1335 1327 Ι

128 1336 189 1414 his
210 1339 331 1434 ptimo
366 1334 455 1410 loco
477 1333 641 1436 Habesb‘,
680 1332 754 1407 hoc
782 1333 1043 1421 est,'‘cosomor
1064 1333 1190 1422 dillos.

128 1472 234 1548 quos
253 1445 469 1524 Canaanitas
488 1430 556 1522 else
572 1445 707 1534 statuit,
745 1447 868 1544 patriis
889 1445 1030 1524 sedibus
1049 1473 1068 1524 a
1085 1447 1192 1526 lolua

128 1560 318 1660 expulsos.
379 1557 516 1636 Verum
537 1573 743 1636 commenta
760 1558 850 1636 haec
864 1559 1000 1637 ‘fabulis
1021 1556 1196 1648 „ioculari-

128 1677 204 1752 bus
222 1676 413 1772 propiora,
440 1684 524 1749 cum
548 1674 696 1760 ceteris,
736 1695 831 1771 quae
854 1674 1034 1780 adlsolam
1061 1672 1195 1750 Abeffi-

129 1792 233 1864 niam
250 1787 555 1888 spedant,nunc
580 1809 657 1862 non
680 1769 903 1892 attingimus.
962 1785 1195 1889 Propobtum

130 1906 235 1980 enim
253 1903 361 1978 nobis
375 1900 441 1985 eli,
465 1914 606 1978 tantum
621 1923 680 1987 ea,
698 1921 791 1998 quae
807 1902 852 1978 ad
870 1925 1086 1983 communes
1104 1926 1195 2004 gen·-

130 2017 231 2093 tium
249 2018 410 2116 origines
425 2014 603 2114 spetiant,
639 2013 815 2114 persequi.

248 2187 328 2269 Iam
366 2187 634 2269 Cuscbaeorum
678 2189 843 2268 cladibus
882 2213 948 2290 pet
986 2187 1197 2289 Aegyptum

132 2303 251 2384 modo
269 2307 478 2382 memoratis
499 2301 669 2384 interiille
684 2304 899 2402 pronuntiat
923 2305 977 2378 vir
993 2304 1080 2379 clar.
1101 2303 1200 2381 litte·-

132 2443 188 2499 ras
199 2432 369 2508 etattes,
398 2441 558 2518 cumque
573 2419 629 2495 his
645 2419 866 2498 commercia
877 2428 916 2492 st
927 2415 1080 2501 fabricas
1097 2419 1200 2516 prio.

134 2559 220 2611 rum
240 2546 398 2634 aetatum
405 2558 418 2627 ;
448 2547 584 2609 tantam
603 2535 701 2612 enim
722 2532 925 2633 Pastorum,
960 2554 1056 2631 quos
1075 2546 1199 2611 tamen

134 2650 387 2725 mercimoniis
402 2642 536 2727 vacasse
551 2646 710 2732 dixerat,
736 2644 838 2747 inille
855 2648 1137 2735 immanitatem,
1158 2659 1200 2721 'vt

136 2764 293 2841 excidiis
309 2778 346 2837 et
362 2762 475 2837 ruinis
487 2763 624 2859 vbique
638 2761 822 2839 saeuirent.
850 2752 1015 2861 Maxime
1028 2762 1068 2839 id
1082 2762 1200 2860 prima

136 2877 254 2953 statim
269 2873 484 2953 Thebarum
502 2875 687 2981 euerllone
706 2874 912 2974 per-Saletio
928 2872 996 2951 elle
1011 2874 1200 2967 effetium3

138 2987 298 3067 ruenille
315 3010 468 3089 quoque
483 2988 554 3065 illo
569 3003 753 3087 tempore,
766 2977 822 3064 fvt
837 2992 1145 3078 commerciorum
1164 3002 1223 3077 et·

139 3108 274 3181 artium
295 3102 483 3181 celebritas
507 3105 552 3179 ab
569 3103 756 3205 Aegyptiis
771 3104 1025 3184 transferretur
1043 3104 1088 3179 ad
1103 3100 1204 3183 Edo-

138 3221 265 3295 ntitas:
294 3239 453 3316 quotum
470 3219 590 3320 postea
605 3220 806 3318 portubus.
836 3214 942 3293 Elath
965 3230 1002 3297 st
1021 3212 1206 3311 Ezionge·

142 3332 226 3424 ber,
262 3325 451 3432 occupatis
479 3334 757 3433 nauigationem
778 3352 850 3430 pet
868 3328 984 3407 finum
1007 3324 1205 3411 Arabicum
1323 3393 1326 3401 .

514 3448 520 3459 ’
701 3444 741 3523 N
773 3466 790 3539 5
833 3462 836 3471 ¹
1040 3442 1205 3548 institae·-

207 3736 215 3747 ,
241 3645 388 3731 ,fomitis
400 3609 631 3749 expeditionem
643 3669 707 3725 hon
725 3670 761 3725 vt
776 3681 841 3725 rem
854 3680 925 3727 vere
936 3658 1069 3741 gestam.
1085 3658 1136 3727 sed
1149 3638 1206 3741 pro
1296 3647 1299 3655 ’
1342 3646 1343 3649 “

250 3748 459 3833 hieroglypho
477 3769 512 3812 sc
527 3746 637 3830 mytho
647 3744 730 3809 Solis
741 3738 903 3819 decursus,
921 3740 980 3809 else
998 3744 1207 3827 accipiendam

252 3832 471 3916 multomagis
488 3829 646 3915 probabile
667 3827 716 3893 fit.
1210 3854 1212 3869 ν

201 3942 242 4025 g)
263 3942 353 4005 Miris
381 3944 483 4006 modis
501 3943 554 4005 hic
576 3960 680 4004 rarum
704 3948 737 4003 et
757 3948 931 4021 temporum
952 3940 1087 4005 rationes
1105 3936 1211 4003 turbat

254 4026 363 4090 Bruce.
406 4026 455 4089 De
468 4026 605 4107 antiquis
616 4024 750 4089 historiis
762 4034 794 4087 et
810 4022 1041 4109 chronologicis
1058 4018 1216 4107 quaestio-i

253 4110 349 4183 nibus
363 4110 414 4174 vin
431 4111 594 4193 quiequam
608 4106 717 4171 notum
735 4106 849 4171 habere
863 4104 984 4173 videt'ur
1001 4109 1046 4170 vir
1064 4102 1213 4186 ingenio·

176 4258 183 4276 ,
255 4192 308 4255 sus
325 4205 446 4274 praeter
458 4189 608 4257 Newtoni
621 4190 807 4256 commenta.
851 4188 951 4254 Notae
966 4190 1036 4255 sunt
1057 4192 1095 4274 dc
1111 4183 1213 4249 Pasto-

255 4276 343 4340 rlbus
356 4274 405 4340 his
423 4278 564 4358 inprimis
581 4297 599 4337 e
614 4276 802 4339 Manethone
823 4268 1015 4339 narrationes
1030 4282 1061 4333 et
1073 4271 1213 4334 virorum

256 4356 423 4439 (latiorum
436 4360 475 4424 de
492 4361 533 4425 iis
545 4358 779 4443 disputationes.
