2967 4950
550 35 591 133 et
616 23 813 138 proemia..
1013 54 1017 61 ⁴
1052 14 1055 23 ’
1128 11 1219 134 sits

138 228 307 336 plerique
325 240 465 314 tamen,
503 247 572 302 nec
593 225 709 316 modo
738 248 759 321 e
784 210 1079 322 vulgo,·rernrir
1102 220 1215 306 etiarn

140 341 527 441 exgenerolroribusz·
545 341 595 418 est
619 343 718 418 eninr
742 339 804 416 lric
826 338 946 417 senius
970 363 1056 416 curn
1083 358 1212 419 natura

138 456 299 533 hnmana
314 437 636 544 coniunniliimus,
653 476 775 552 neque
794 452 891 534 vitus
907 453 956 530 eil
975 454 1082 542 facile
1096 459 1211 532 animi
1265 446 1272 467 ‘

138 573 312 660 morbus,
341 574 404 650 cui
427 572 542 666 magis
566 565 834 665 ignoscendum
853 566 913 655 lit,
954 586 1066 670 quarn
1080 569 1211 648 lenius
1272 635 1280 648 ,

138 685 314 784 molestos
341 705 388 760 ex
417 681 573 774 aliorum
599 665 742 786 lanrle',¹
761 682 931 780 inprimis
958 683 983 760 fi
1009 710 1073 761 eos
1100 686 1210 760 nobis

137 795 436 902 praelatos,·aut
461 796 507 870 ab
531 793 605 871 iltis
627 815 710 871 nos.
725 791 912 894 superatos
929 819 979 873 »ac
1003 800 1117 876 villos
1141 796 1212 876 else
1252 812 1256 826 '

101 955 102 960 Ν
139 913 340 989 videamur.
418 904 562 986 Caullas
590 908 798 985 ille'habet
829 907 973 986 abditas
1006 914 1044 986 in
1070 913 1213 990 intimis

137 1029 250 1102 animi
267 1025 381 1102 nostri
396 1021 566 1112 leniibus,
598 1036 645 1114 rt,
664 1043 742 1122 quo
761 1023 1000 1123 praestantior
1015 1025 1064 1102 eil
1082 1029 1210 1104 natura
1285 1103 1296 1122 Ι

138 1155 175 1216 et
198 1139 365 1228 indoles,
388 1161 457 1216 eo
482 1139 630 1216 altiores
651 1127 735 1236 '’agit
749 1137 911 1213 redires.
987 1136 1083 1217 Cum
1108 1132 1238 1218 enirn-

138 1256 247 1332 nobis
266 1253 392 1332 inlitus
410 1251 453 1328 fit
475 1251 595 1330 senius
619 1266 657 1328 et
679 1255 864 1352 appetitus
886 1253 1121 1351 praestantiae
1143 1254 1211 1331 ali·

139 1370 243 1446 cuiue
267 1384 303 1446 et
321 1369 541 1444 eminentiae
565 1368 662 1444 inter
683 1367 797 1453 alios.
829 1389 924 1465 quae
943 1371 989 1465 ab
1008 1369 1070 1447 illa
1095 1367 1211 1469 profi·
1274 1385 1278 1394 ’

141 1481 303 1560 eiicitur:
329 1479 531 1586 'cupiditas
566 1481 715 1580 quidem
755 1481 833 1556 eius
862 1479 1103 1582 allequendae
1128 1507 1217 1560 non·
1326 1519 1333 1529 ·

139 1597 254 1674 modo
274 1595 380 1683 nihil,
401 1595 506 1694 quod
523 1592 780 1692 reprehendar,
799 1593 930 1684 habet.
950 1601 1215 1683 verumetiam

141 1710 241 1810 quod
254 1709 518 1804 commender3
548 1710 625 1784 eius
641 1723 765 1786 tanen
784 1729 911 1784 corner
926 1710 976 1785 est
992 1711 1208 1790 certiilinrus

141 1823 203 1903 ille
222 1827 335 1902 aninri
360 1822 491 1907 dolor,
517 1823 639 1923 pudor
661 1836 698 1900 et
723 1825 794 1910 ira,
829 1821 854 1898 fi
873 1837 996 1923 erepta
1025 1840 1090 1902 eut
1105 1849 1208 1925 prarun
1255 1863 1262 1885 e

141 1954 240 2039 repta
267 1934 376 2016 'tacita
407 1939 521 2014 animi
550 1950 636 2016 vota
660 1937 847 2014 videamur
877 1937 924 2014 ab
949 1938 1040 2018 aliie.
1085 1938 1211 2026 ‘Nou‘
1248 1929 1252 1939 ’

140 2052 261 2154 itaque
279 2057 428 2142 mirum,
457 2053 630 2129 morbum
649 2052 765 2137 hune,
784 2073 878 2128 ‚cunr
903 2061 1029 2130 natura
1046 2052 1214 2135 humana·

140 2177 329 2271 tantopere
344 2165 594 2255 coniuntlunr,
615 2187 768 2264 regnare
790 2165 963 2244 latilfime.
1023 2164 1096 2278 §ui
1110 2167 1209 2248 a'deo

140 2293 241 2360 tanto
265 2281 456 2363 sturiones
479 2305 521 2358 ac
539 2283 717 2356 maturius
737 2281 897 2380 paranda
920 2279 1004 2358 sont
1030 2284 1212 2375 remedia·

141 2417 180 2471 ac
200 2393 475 2499 prouidendum
500 2397 616 2496 prima
640 2393 758 2475 statim
781 2395 1030 2486 institutione,
1051 2395 1111 2473 ‘rt
1135 2397 1208 2475 stu·

141 2510 240 2591 dium
274 2516 351 2591 hoc
372 2510 560 2586 eminendi
592 2512 688 2586 inter
718 2510 811 2586 alios
837 2526 874 2587 rt
903 2512 1113 2592 excellendi
1141 2535 1207 2613 per

139 2623 173 2697 le
191 2624 506 2731 tam-praeclarum
522 2638 624 2701 certo
641 2622 796 2701 consilio
819 2646 862 2702 ac
882 2626 1023 2705 iudicio
1047 2626 1210 2723 regatur
1232 2725 1237 2738 Ι

140 2733 319 2823 Videntur
334 2742 438 2843 ¹eninr
458 2738 638 2837 quotidie,
659 2741 811 2839 inquos
826 2739 1076 2818 intolerabiles
1091 2739 1207 2820 animi

139 2858 312 2953 morbos,
346 2856 433 2935 vitia
456 2868 493 2930 et
514 2852 678 2943 furores,
709 2854 809 2930 abire
826 2850 921 2928 illud
939 2850 1083 2933 soleat,
1147 2904 1151 2912 -

250 3024 454 3107 Latiffinrur
471 3018 575 3112 esset,
605 3036 642 3099 at
659 3044 789 3121 parum
814 3021 930 3099 laetus
951 3034 988 3098 et
1003 3016 1212 3114 iucundus,¹
1242 3106 1247 3127 ι

142 3132 244 3217 loeus
261 3138 482 3239 exspatiandi
501 3140 539 3213 in
557 3132 742 3221 miseriam,
759 3158 888 3213 eorum
908 3135 1116 3227 hominum,
1138 3135 1211 3237 qui*

143 3246 249 3333 semel
278 3254 352 3333 hoc
379 3255 492 3335 animi
514 3252 648 3331 morbo
678 3251 840 3351 correpti
866 3250 968 3329 lunt:
1010 3274 1104 3352 quae
1135 3252 1213 3353 int
1347 3251 1358 3279 ⁸

418 3376 490 3437 :i
633 3435 635 3444 .
1040 3367 1203 3443 inuidiae

220 3638 224 3646 ¹
249 3562 402 3641 instituto.
414 3572 446 3631 et
457 3560 639 3649 Syracusani
654 3565 840 3650 petalienror
858 3586 901 3633 ne
916 3566 1079 3650 dignitate,
1093 3560 1206 3628 antin-
1225 3588 1229 3595 ¹

247 3650 357 3727 ritate,
389 3652 501 3733 opibus
525 3651 639 3735 inquis
662 3653 746 3717 inter
772 3651 918 3739 aequales
936 3652 1068 3725 nimium
1090 3648 1206 3713 cereri·

158 3780 163 3791 .
213 3796 215 3801 ,
248 3733 389 3799 eminens
405 3734 540 3801 libertati
554 3733 678 3801 infidirr
691 3737 829 3803 strueret.
858 3734 997 3800 Hebetur
1010 3744 1112 3797 antem
1124 3730 1205 3797 Her·

250 3818 400 3882 moderas
412 3816 440 3882 E
460 3814 561 3884 helius
574 3820 668 3895 idern,
683 3816 773 3889 cuiue
786 3816 934 3905 operetvli
947 3816 1015 3885 sunt
1026 3811 1205 3881 Decernnitl

249 3896 376 3983 legibue
388 3840 462 3969 Xll).
475 3905 558 3981 trlrlr.¹
571 3902 783 3973 Romanorum
801 3903 978 3975 scribendis.
