2967 4950
280 492 293 513 ·
413 490 465 586 aa
484 494 539 598 ,aa
557 426 695 620 nanu
721 423 956 625 raupa-ua·
1082 594 1089 601 ,
1135 498 1228 601 nr

89 712 90 721 ‘
150 697 626 795 aerumlibcrtatislensum
642 720 711 783 nec
723 700 765 774 in
787 697 899 797 plebe
918 695 1045 795 inopia
1072 705 1111 773 et
1128 692 1220 778 defi-

145 819 207 892 dia
228 813 406 918 depressa,
423 838 492 891 nec
509 817 550 891 »io
569 814 780 907 nobilibus,
796 835 864 911 per
879 815 1087 900 auaritiam,
1105 810 1221 887 luxu·

146 910 244 1010 r¹iem
264 944 299 1007 et
317 928 623 1011 inertiam-,fratlis
644 942 683 1003 et
697 924 935 1003 abieiiis‘else
952 924 1073 1026 polle,
1088 924 1219 1018 eadem

143 1041 273 1122 -Ronra
289 1045 463 1143 exemplo
481 1043 571 1125 fuit:
603 1040 882 1141 praedationum
898 1040 1046 1118 licentia
1063 1055 1100 1118 et
1114 1021 1219 1138 prae-¹

143 1160 309 1237 miorum
326 1146 386 1257 ipe
411 1159 559 1233 inuitati
584 1157 650 1242 iis,
690 1162 760 1251 qui¹
775 1154 981 1231 libertarent
1007 1157 1220 1255 opprimere

144 1274 370 1377 voluerant,
411 1271 550 1370 promti
569 1266 613 1343 ad
639 1290 753 1343 omne
774 1266 948 1354 [celerum
963 1271 1218 1349 ministerium

141 1402 258 1465 erant
274 1384 468 1476 satellites;
501 1396 579 1470 tum
605 1381 763 1479 domino
776 1379 885 1458 semel
907 1384 1104 1467 constituto
1115 1405 1220 1461 mau-
1312 1391 1316 1398 ’

144 1503 250 1599 cipia
270 1495 441 1595 vilillrma.
470 1492 637 1575 Omnino
656 1479 923 1583 Romanicum
942 1495 1007 1595 ipli
1020 1495 1221 1595 aliquando

141 1616 219 1693 sub
237 1612 527 1689 dominationem
537 1605 727 1685 Caesarum
742 1607 938 1701 venillent,
964 1610 1030 1686 luo
1046 1610 1221 1709 exemplo

143 1730 331 1812 docuere,
361 1724 529 1815 libertate
550 1719 669 1800 amilla
686 1745 797 1823 quam
814 1724 890 1801 cito
906 1725 1085 1821 libertatis
1102 1723 1222 1802 lenius

144 1831 326 1921 interiret
385 1822 871 1936 Libertitis'recuperbrdae
893 1838 1047 1915 facultas
1075 1827 1222 1947 aliquo-
1323 1827 1351 1921 J

146 1963 219 2037 ties
243 1954 277 2031 se
296 1951 498 2051 obtuleram
528 1964 565 2028 at
581 1974 774 2051 nunquam
790 1953 910 2033 videas
926 1953 1103 2031 Senatum
1126 1969 1222 2031 tem·

146 2072 307 2176 poribus
327 2066 421 2143 telle
447 2069 508 2143 vti.
566 2064 626 2143 Sic
642 2062 735 2141 Caio
750 2068 969 2155 interemto,
1005 2068 1054 2144 fic
1083 2064 1222 2144 Domi·
1316 2112 1323 2121 ·

146 2186 254 2267 liano
270 2182 430 2270 sublato,
447 2181 495 2259 lic
512 2175 736 2267 Commodo.
780 2178 1050 2279 Nunquamne
1072 2182 1112 2254 in
1129 2179 1223 2256 dell-

144 2301 380 2381 berationem
395 2295 544 2395 quidem
568 2295 689 2381 venit,
720 2294 857 2398 quibus
880 2293 1025 2388 legibus
1040 2294 1236 2390 impetam

147 2422 245 2498 tium
263 2398 393 2490 lubido
412 2409 583 2500 coerceri
597 2428 639 2482 ac
655 2402 901 2482 circumscribi
920 2402 1055 2505 poffet3
1086 2428 1134 2483 ne
1149 2404 1223 2484 Ta-

149 2527 397 2629 cito'quidem
416 2518 585 2600 aSenatu
605 2532 751 2612 creato;
781 2533 817 2595 at
840 2537 1038 2618 nugatores
1064 2520 1121 2597 illi
1146 2500 1221 2600 hbe
1256 2577 1267 2604 s

150 2668 270 2740 vnum
286 2663 412 2738 agere,
437 2650 476 2713 vt
491 2635 651 2712 honores
671 2656 794 2710 nouos
811 2636 849 2708 in
871 2637 1110 2734 imperatores
1128 2661 1221 2715 con-

148 2765 294 2864 ferrent·
311 2748 376 2854 (cf.
396 2747 545 2851 Vopisc.
562 2773 591 2826 c.
614 2743 682 2846 9.).
742 2746 811 2847 lpli
829 2747 1003 2850 loquaces
1028 2751 1084 2828 illi
1104 2752 1223 2830 conli-

151 2875 246 2954 liarii
263 2865 434 2966 Augusti,
466 2865 625 2962 Agrippa
642 2876 680 2944 et
694 2859 907 2952 Maecenas,
934 2888 1020 2942 cum
1040 2869 1070 2942 is
1086 2867 1134 2942 de
1149 2870 1221 2943 im·
1243 2901 1247 2906 ·
1309 2914 1314 2931 ι

151 2989 258 3092 perio
281 2978 507 3086 deponendo
532 2965 769 3066 deliberaret,
807 2971 932 3079 (apud
959 2976 1127 3058 Dionem
1151 2981 1217 3057 lib.

153 3095 258 3202 Lll.)
275 3093 415 3197 quanto
439 3092 569 3170 melius
585 3091 640 3167 illi
664 3091 812 3168 conlilia
830 3095 933 3194 snper
957 3099 1092 3190 imperio
1114 3095 1220 3190 legiri-

152 3223 212 3298 mir
243 3203 667 3312 finiburrircumscribrndo
700 3220 744 3282 et
763 3205 934 3282 aduersus
961 3209 1220 3302 impotentiam
1251 3217 1271 3286 ,’
1349 3302 1354 3308 ,

154 3329 397 3432 cupiditatum
413 3343 454 3402 ac
471 3321 680 3398 lubidinum
704 3320 909 3411 muniendo
936 3312 1133 3424 dedilient!

266 3551 462 3632 Feliciores
478 3547 555 3630 aliis
571 3547 654 3624 lunt
668 3545 723 3620 illi
744 3539 895 3644 populi,
919 3546 985 3644 qui
1000 3547 1157 3646 imperio
1172 3551 1220 3629 ad
1355 3577 1359 3585 ·

154 3687 416 3774 quamcunque
433 3663 579 3740 tandem
595 3657 794 3734 formulam
815 3657 1034 3748 constituto,
1062 3661 1123 3740 sed
1150 3669 1220 3743 cir·
1250 3658 1270 3690 ’·

154 3783 376 3879 cumscripto
394 3765 667 3868 il10,'rtuntur,‘
680 3785 720 3846 vt
732 3743 965 3868 regnanllum
980 3772 1101 3852 libido
1113 3801 1220 3857 coer·
1241 3803 1244 3815 ·

155 3904 226 3977 cita
243 3897 286 3974 sit
304 3895 410 3986 bonis
427 3891 571 3989 legibus
591 3899 627 3962 et
635 3885 829 3972 institutis,
860 3900 972 3986 etque
990 3881 1148 3969 meliora
1171 3892 1218 3968 dc

154 4010 378 4112 republica,
399 4008 536 4082 ciuiurlr
560 3998 693 4086 salute,
718 3997 851 4097 populi
869 4001 1028 4094 iuribus,
1059 4007 1221 4108 perpri-

155 4143 278 4206 mores
299 4121 423 4222 saltem
440 4116 551 4220 sparsa
571 4115 640 4192 srnt
656 4131 699 4190 ac
724 4107 869 4210 vulgata
894 4115 1036 4223 iudicia.
1096 4115 1218 4215 Atque
1315 4101 1319 4116 ’

276 4287 282 4294 .
652 4261 654 4270 ’
1178 4251 1219 4307 111
1290 4284 1295 4292 .
