2967 4950
193 439 303 592 elios⁸
322 493 375 586 ud
389 461 543 606 consens
543 475 545 482 ⁴
567 494 606 584 in
626 490 719 632 suos
746 494 909 631 opinion.
929 515 1017 617 pert
1000 499 1101 594 t.roh
1160 523 1188 620 3
1212 477 1216 495 ¹

117 707 168 784 est
185 703 503 814 oppoptunitates
516 645 787 800 agendumque
810 702 1033 785 iobiscunrt
1064 706 1188 798 Ciues.

110 823 164 896 de
184 841 222 895 rc
248 819 368 916 aliqua
397 815 442 891 ad
469 816 694 890 communia
705 809 909 893 lit'terarutn
937 818 1050 898 studia
1080 830 1200 906 etad

113 955 221 1010 curas
239 931 548 1026 liberaliingenio
567 928 695 1040 dignae
714 929 915 1027 spetiaute,
941 947 1189 1036 etemporum

113 1047 331 1124 hominum
353 1065 551 1142 rerumque
594 1031 808 1118 talionibus
831 1032 1032 1146 cautusque
1068 1054 1187 1138 duda

114 1160 288 1264 Afferunt
310 1171 432 1235 autem
456 1143 557 1256 ipsa
558 1169 741 1254 tempora:
751 1159 1056 1256 circumspicienti
1079 1191 1188 1266 argu.

113 1289 285 1353 mentum
293 1295 376 1349 vere
395 1271 585 1369 populare,
596 1265 697 1370 qu'od
715 1287 784 1346 nec
798 1270 1000 1350 dotlriiram
1015 1302 1192 1377 magnam

114 1409 188 1464 nec
211 1383 443 1471 subtilitatem
461 1383 662 1471 desiderat,
685 1367 842 1480 dignum
857 1401 1019 1476 tamen',
1039 1395 1097 1466 in
1093 1413 1183 1493 quo

114 1498 353 1578 consumatur
368 1495 521 1573 horulae
538 1495 812 1601 confabulatio,
849 1518 934 1575 cum
951 1503 1035 1577 eius
1047 1523 1182 1602 pertra-

115 1615 225 1692 tlatio
247 1614 291 1689 ad
312 1610 512 1700 acuendam
528 1609 654 1702 iudicii
673 1613 747 1685 vim
778 1612 816 1686 ιιι
842 1613 905 1700 ιιι,
921 1629 1042 1714 quae
1066 1620 1183 1720 vulgo

112 1725 205 1805 falla
223 1726 407 1832 videmus,
435 1724 638 1802 iudicandis
662 1727 780 1801 valere
795 1724 960 1825 possitae
984 1729 1150 1817 debeat
1205 1830 1212 1850 x

230 1952 369 2032 Mittam
397 1963 434 2030 et
462 1883 677 2030 incredibile
711 1952 763 2028 est
793 1951 989 2030 hominum
1021 1947 1181 2059 studium

111 2068 358 2171 pertrahendi
368 2068 459 2144 alios
479 2067 523 2144 ad
543 2062 714 2142 assensum
741 2066 1083 2167 persuasionemque
1101 2077 1184 2174 opi.

109 2186 270 2260 nionum
289 2204 378 2281 quas
396 2180 460 2280 ipsr
479 2181 671 2271 imremus3
702 2193 817 2254 certat
829 2180 921 2254 illud
938 2203 1027 2258 cnm
1047 2193 1184 2280 quouis
1309 2187 1312 2194 ’

111 2297 188 2386 allo
206 2299 318 2370 anitni
338 2296 489 2372 humani
517 2287 665 2380 alselin,
697 2293 849 2389 abitque
864 2294 1186 2398 interdumfimsu.

110 2433 237 2489 rorem
266 2408 535 2508 insaui'amquer
557 2404 621 2478 'ila
644 2417 683 2477 vt
701 2413 790 2477 ‘vere
818 2421 887 2501 pro
910 2405 1042 2482 morbo
1070 2411 1186 2487 animi
1242 2440 1244 2447 ⁴
1285 2420 1289 2435 “

111 2525 246 2600 haberi
259 2518 386 2627 polilt..
411 2542 457 2593 eo
475 2540 548 2616 que
562 2514 750 2590 insanabili
768 2530 805 2590 ct
822 2518 988 2596 exitioso.
1046 2520 1185 2600 trudet
1234 2597 1238 2608 ,

113 2649 238 2713 autem
257 2634 408 2709 morbus
430 2630 494 2707 ille
511 2641 614 2705 tauto
629 2630 780 2726 grauior
795 2644 833 2705 et
847 2630 1184 2732 periculosamque
1258 2626 1261 2633 ’

109 2752 233 2827 leuius
244 2746 298 2822 est
310 2746 422 2821 animi
437 2744 718 2875 iudiciumquo
739 2737 854 2839 magis
874 2746 1188 2851 temere'suscepta

113 2865 165 2941 est
184 2862 334 2960 opinio,
365 2881 518 2959 quoque
542 2858 664 2931 minus
680 2858 839 2931 veritatis
862 2873 967 2933 notas
997 2858 1108 2954 habet
1132 2866 1185 2953 id,

112 2976 219 3077 quod
239 2975 348 3051 nobie
366 2995 434 3085 pro
451 2966 721 3048 cerriffinrar
660 2989 702 3043 ve
706 2971 808 3045 ritate
824 2965 1081 3067 periculorum
1099 2998 1187 3054 cum

113 3101 256 3173 contra
285 3108 380 3215 quo
377 3106 495 3183 magra
515 3108 572 3161 res
588 3080 679 3179 ipsas
695 3081 894 3181 perspetlas
915 3084 1141 3177 habemus,
1130 3116 1188 3164 m
1216 3132 1222 3148 ι
1270 3116 1273 3122 ’
1343 3134 1349 3143 ·

113 3178 415 3299 telleximusque,
427 3221 521 3297 quae
543 3200 580 3273 in
604 3198 688 3269 iisr
666 3193 734 3305 fint
749 3218 877 3293 parum
895 3196 998 3273 firma
1020 3223 1091 3282 nec
1106 3203 1187 3279 satis
1234 3231 1236 3236 ·
1282 3215 1289 3230 “

114 3315 328 3414 explorata,
355 3314 540 3411 aquibus
553 3299 744 3441 principiis
769 3308 832 3384 illa
854 3305 923 3386 sant
944 3310 1121 3410 prbfetla,
1152 3333 1190 3394 et
1243 3357 1247 3371 ·

103 3452 214 3529 ‚quae
246 3426 291 3504 ad
316 3426 570 3503 consensum'
560 3447 597 3499 ιιι
624 3424 715 3499 haec
739 3426 916 3521 principia
941 3430 1187 3523 requirantur,
1229 3452 1232 3457 ·
1315 3494 1321 3506 ι

118 3566 166 3620 eo
185 3543 301 3639 magis
302 3539 426 3615 fimus
444 3523 552 3637 aequi
579 3550 616 3613 et
638 3532 799 3612 faciles
787 3559 826 3609 ιιι
852 3534 1020 3627 dissensu
1030 3529 1215 3624 aliorum
1240 3546 1244 3554 ’

118 3655 286 3735 serendo.
347 3652 475 3744 Quid?
506 3652 626 3751 quod,
663 3670 740 3749 quo
759 3672 895 3751 magas
899 3652 1191 3737 imbecillitatem
1228 3649 1262 3733 ’,
1350 3726 1353 3731 .

117 3770 261 3902 ingenii
278 3766 451 3854 humani,
482 3766 717 3841 iustitutionis
741 3786 759 3837 a
781 3765 909 3863 pueris
919 3754 1004 3839 inde
1022 3785 1192 3868 acceptae

117 3885 196 3961 vim
200 3874 440 3979 ,opinionum
460 3878 695 3979 popularium
716 3876 788 3951 alte
803 3875 893 3952 adas
912 3858 1062 3974 radices,
1072 3906 1195 3961 rerum

118 4006 292 4081 naturas,
322 3995 571 4071 etnotiouum
599 3990 908 4120 iudiciorumque
925 3990 1019 4067 de''
994 4016 1038 4067 ιιι
1060 3994 1197 4073 caussae
1230 4067 1232 4072 .

120 4124 159 4186 et
184 4108 364 4193 rationes,
396 4120 583 4191 tenemus,
618 4114 663 4179 eo
689 4105 813 4177 minus
837 4115 902 4179 aut
902 4104 1111 4215 speramus
1133 4123 1197 4187 aut

118 4226 161 4301 in
186 4224 280 4305 votis
299 4214 489 4337 habemur,
506 4232 545 4297 ut
564 4218 693 4297 iisdem
713 4217 858 4293 iudiciis
878 4200 1197 4321 opinionibusque

455 4362 460 4367 ·
674 4329 775 4407 Aa
849 4358 853 4363 ⁸
1006 4344 1195 4413 teneamur
