2967 4950
208 497 209 506 ‘
307 568 310 575 .
369 498 566 613 sollennes
590 483 888 649 ¹grtr'irrlc‘rtioraer.
1002 522 1008 527 ’
1113 544 1172 636 99
1245 504 1253 533 ⁸

112 702 270 777 unanimi
289 669 463 780 consensu
478 706 812 807 colamus‘o'rnnes3
835 717 934 796 'haec
953 716 1024 797 voa
1045 718 1101 801 iia
1120 728 1176 806 ad*

109 802 340 903 consensum,
359 816 383 891 sr
403 822 483 917 quis
503 822 605 896 sli'et
622 826 736 919 potest
762 809 835 904 elle
868 834 907 906 in
927 838 1169 935 opinionibus

107 920 513 1031 ac'iudiciis,adducer'e
535 933 628 1009 forte
651 938 775 1033 potest.
834 942 897 1018 Sin
916 970 983 1023 rna
999 956 1170 1035 omniurn
1253 933 1257 942 ’

104 1045 262 1117 maxima
283 1044 393 1131 dote,
432 1047 563 1121 virtute
591 1050 760 1147 inquam,
804 1054 994 1135 destitutus
1019 1064 1084 1139 ille
1105 1063 1166 1167 srss

104 1175 198 1251 quae
214 1158 365 1258 tandem
385 1156 577 1235 consensus
594 1162 747 1247 utilitas}
773 1172 855 1262 quis
872 1170 1073 1269 religionis,
1093 1183 1170 1278 pie.

103 1273 205 1355 tatis,
237 1270 444 1367 {apientiam
471 1271 693 1362 litterarum,
718 1276 921 1368 doiirinae,
948 1285 1083 1366 fruetus
1106 1306 1173 1372 aut

104 1379 171 1456 effe
190 1398 257 1455 aut
274 1386 424 1479 cogitari
449 1387 565 1479 potest
586 1386 857 1485 iatisrmagnue
889 1401 952 1492 qui
970 1404 1164 1502 uirtutem,

103 1494 177 1570 lroc
196 1496 266 1581 est,
293 1497 486 1593 agendierr
500 1498 573 1571 illis
592 1503 779 1599 principiis
798 1505 1029 1601 facultatem,
1064 1516 1166 1597 ulum

104 1622 137 1682 et
175 1608 359 1693 habitum,
400 1606 648 1707 ‘compensare
682 1624 1007 1717 auraequiparare
1030 1629 1166 1724 politti

103 1719 192 1796 Non
226 1726 269 1795 ad
296 1725 523 1819 opinandum
556 1748 624 1799 nos
660 1742 763 1803 natos
787 1728 854 1805 elle
878 1741 1164 1831 meminerimus,

103 1856 229 1908 rerum
250 1838 295 1907 ad
312 1838 504 1931 agendum.
563 1835 832 1934 liberationem
851 1870 870 1917 a
888 1851 1024 1924 morbis
1043 1860 1167 1950 graui·

103 1948 166 2023 bus
188 1966 257 2045 per
269 1954 405 2023 'ornnes
423 1962 604 2051 aetates-et
622 1976 695 2049 per·
709 1977 839 2033 omnes
859 1964 1019 2059 populos
1045 1968 1090 2041 ad
1108 1970 1166 2045 di·

102 2065 230 2135 vinum
263 2063 698 2141 interuentum'retulere
728 2061 918 2163 hominem
957 2079 1170 2171 enimuero,

101 2178 149 2249 rti
167 2176 321 2250 morbos
339 2177 389 2259 ira
407 2174 557 2250 deorum
573 2179 724 2254 inlliilos
741 2182 895 2256 credidit
910 2186 1073 2264 etadhuc
1087 2216 1170 2268 cre-

101 2289 153 2362 dit
179 2289 325 2361 rudium
343 2300 379 2363 et
396 2288 556 2365 fetorum
578 2291 805 2387 populorum
820 2318 932 2378 error,
951 2300 1000 2371 ita
1015 2306 1167 2389 eosdem
1202 2300 1209 2305 ’

100 2404 211 2475 variis
231 2403 357 2476 ritibus
373 2419 543 2478 exoratos
571 2408 659 2476 iram
687 2408 868 2478 remittere
893 2421 930 2480 et
953 2414 1169 2496 muneribus

100 2531 231 2612 captos
251 2516 508 2612 blanditiisque
521 2515 692 2588 delinitos
712 2516 954 2594 valetudinem
970 2526 1165 2620 gratificari

101 2623 282 2703 creditum
311 2631 374 2704 est:
422 2628 736 2726 peliilenserror,
788 2630 990 2711 fileuerius
1013 2640 1167 2737 statuas3
1227 2704 1235 2716 ,

102 2743 257 2836 indigna
275 2746 372 2816 enim
389 2745 549 2828 numinis
566 2746 719 2818 notione
740 2749 889 2842 opini03
918 2752 1165 2834 condonanda

104 2869 227 2929 tamen
247 2853 416 2952 infantiae
432 2855 629 2932 humanae:
667 2855 753 2948 Qua
775 2863 882 2935 etiam
907 2863 1073 2953 effedu'm
1099 2872 1162 2962 est,

103 2986 141 3041 vt
164 2967 238 3066 ipsa
263 2971 440 3052 medicina
463 2991 532 3067 pro
557 2984 630 3044 arte
656 2971 780 3066 diuina
802 2971 1167 3082 haberetur,'.vtqt1e
1198 3033 1204 3047 κ
1227 3048 1231 3064 ,

103 3085 145 3158 ab
166 3084 235 3162 aria
254 3082 427 3171 deorum,
458 3088 508 3167 ab
519 3083 674 3164 oraculis
693 3099 730 3160 et
744 3086 968 3166 sacerdotum
983 3107 1164 3172 stratum

104 3194 299 3294 responsas,
342 3197 489 3270 salutem
513 3211 681 3294 peterent
711 3197 899 3289 hominem
941 3225 1061 3300 neque
1090 3209 1164 3294 vlla

106 3309 209 3384 facile
226 3309 294 3383 alia
315 3333 369 3384 res
385 3310 454 3406 eli,
483 3311 519 3383 in
544 3314 770 3418 quaingenil
796 3313 948 3387 humani
970 3317 1164 3395 imbecilli·
1201 3351 1212 3381 ·-

107 3435 154 3497 tas
172 3424 397 3510 luculentius
420 3440 608 3520 appareat,
645 3445 755 3520 quam
778 3425 817 3498 in
843 3426 987 3502 auxiliis
1013 3431 1165 3506 medon.

107 3538 194 3612 tium
211 3550 275 3610 aut
292 3535 527 3632 impetrandis
544 3549 605 3609 aut
631 3539 890 3637 rutpeiiandim¹
920 3539 981 3615 etlr
1006 3546 1164 3642 omnino

108 3650 228 3724 eadem
248 3651 380 3724 mentis
397 3651 537 3726 nostrae
559 3653 714 3725 ten'uitas
730 3653 777 3725 ita
795 3651 883 3740 fert,
911 3668 968 3743 rt,
993 3662 1162 3753 quamuis

107 3779 281 3838 aeternam
311 3764 379 3868 dei
401 3759 668 3862 prouidentiam
697 3787 809 3840 omne
834 3767 1034 3844 antonium
1063 3791 1165 3871 conr·

108 3876 211 3972 pletii
230 3899 297 3950 nec
315 3883 429 3952 menti
455 3877 601 3954 diuinae
621 3881 825 3978 quicquam
845 3893 907 3954 aut
929 3887 1082 3979 paruuni
1099 3909 1163 3961 an.
1278 3881 1280 3885 ’

86 4067 87 4072 Ν
110 4013 278 4086 magnum
300 3987 367 4065 else
387 3991 478 4066 bene
496 4004 700 4076 teneamus,
731 3995 768 4064 in
788 3993 933 4068 fortuna
949 4008 1068 4071 tamen
1084 4011 1168 4098 aut·

86 4079 88 4204 ἶ
110 4105 223 4200 cipiti,
253 4105 289 4177 in
308 4105 386 4181 calu
402 4107 590 4203 grauiore,
619 4103 657 4178 in
678 4107 817 4180 tuentis
831 4107 993 4188 insolitis,
1011 4112 1161 4208 praesen-

111 4219 165 4294 iius
178 4243 294 4296 numm
315 4215 382 4294 else
400 4205 579 4317 putemus.
638 4211 741 4406 Αὲεο
759 4221 799 4294 in
825 4223 932 4298 rebus
949 4218 1182 4407 grapillgmisx
1215 4287 1218 4292 ,

300 4350 303 4359 ’
497 4341 509 4382 ³
726 4355 751 4408 2
975 4400 980 4411 ,
1030 4352 1048 4405 a
1092 4347 1234 4412 uti-2:
1339 4387 1343 4394 -

1328 561 1349 601 Q
