2967 4950
229 470 236 489 a
255 432 337 530 104
397 393 596 507 Cmamen'
609 411 853 502 litterarium
875 439 913 501 a.
933 342 1220 505 LXXXIX

221 686 225 694 .
367 608 582 699 Meministis
598 622 709 709 enim,
729 616 1044 719 quemadmodum
1058 608 1228 693 omnium
1246 604 1314 720 po}

254 732 428 839 pulorum
446 757 550 810 more
566 746 755 832 receptum
773 734 855 822 est,‘
871 745 913 809 ut
934 746 998 808 aut
1019 728 1230 809 venerando
1252 739 1312 805 aut

255 848 488 946 deprecando
506 850 649 923 numini
667 850 744 924 dies
761 846 946 924 sollennes
966 868 1011 923 ac
1032 845 1111 921 festi
1135 842 1205 920 fiat
1225 864 1314 921 con·

255 964 388 1049 stituti,
417 963 465 1037 ita
487 984 571 1037 cum
589 962 645 1037 his
660 960 758 1061 apud
777 958 941 1037 Graecos
965 973 1003 1037 et
1024 958 1213 1037 Romanoa
1234 956 1315 1035 aeli·

197 1167 208 1185 Ι
256 1077 413 1177 gloriani
431 1072 517 1151 loco
534 1074 679 1153 habitos
700 1072 770 1155 effe
785 1073 897 1150 ludos
912 1086 951 1147 et
966 1066 1170 1151 certamina.
1229 1067 1315 1162 Qua

257 1188 409 1288 quidem
430 1192 604 1287 reprimo
622 1188 789 1291 adspettu
812 1187 905 1264 nihil
921 1187 1046 1290 videri¹
1061 1183 1179 1285 potest
1202 1185 1315 1280 magis

86 1366 88 1375 ,
172 1388 175 1403 1
257 1300 454 1379 acnnsalin
483 1316 519 1379 et
543 1304 684 1381 ratione
706 1302 913 1381 abhorrete.
973 1299 1076 1395 Quid
1101 1294 1225 1375 enimi
1253 1318 1317 1394 pn·

239 1414 456 1512 “lucrantue
471 1416 640 1495 homiues
655 1430 783 1514 putate
800 1428 939 1492 numen
959 1414 1126 1491 deleniaai
1143 1409 1316 1489 ludorum

218 1541 222 1551 '
238 1522 442 1628 'apparatui
455 1550 533 1628 quo
547 1530 798 1629 nesapiantint
806 1529 958 1628 quidem
967 1530 1159 1629 quisquam
1167 1544 1318 1623 magno·

186 1714 189 1728 ,
256 1664 345 1743 pete
366 1642 572 1720 contadlun'a
589 1643 738 1719 habebit
753 1640 944 1721 animum?
974 1639 1019 1718 ln
1035 1642 1140 1739 graui
1157 1660 1248 1714 vern
1265 1660 1318 1714 aa·

155 1814 157 1819 .
257 1754 434 1839 lumitate,
456 1777 567 1853 quam
585 1755 739 1833 deorum
759 1758 812 1833 ira
825 1754 1014 1831 immillam
1033 1755 1088 1831 illi
1112 1750 1320 1837 caedebant.

185 1948 191 1959 ,
257 1880 320 1943 aut
337 1866 607 1964 in¹magnarum
625 1867 1072 1967 rernm-suscipiendarum
1100 1866 1320 1965 primordiis.

258 1980 306 2057 ad
332 1981 421 2057 deos
444 1980 509 2059 fibi
532 1984 715 2083 propitius
747 1983 975 2071 reddendos,
1012 1982 1168 2059 aditam
1190 1984 1319 2055 eniam

109 2096 114 2106 “
257 2093 493 2195 placandam,
548 2096 593 2175 ad
614 2096 715 2174 'mala
747 2097 972 2185 auertenda;
1011 2094 1102 2195 quid
1133 2091 1321 2191 expediam

256 2222 412 2309 potuere
430 2232 449 2285 a
467 2208 642 2293 ludorum
659 2208 914 2287 sollemnibus?
933 2206 1083 2293 Constat
1103 2206 1321 2287 amentatis

238 2319 352 2397 datar¹
368 2345 509 2415 amnas.
536 2324 678 2423 molem
695 2326 801 2403 istum
821 2348 898 2400 non
920 2326 994 2405 ado
1012 2324 1051 2397 in
1071 2320 1322 2421 populosuou

106 2442 119 2457 ⁸
257 2426 328 2512 dna
344 2450 459 2526 autate
478 2437 638 2533 viguiffe.
699 2438 808 2539 Apud
828 2437 1021 2520 Romanoa
1037 2435 1200 2536 quidem,
1219 2430 1322 2510 clade

257 2549 415 2654 inkbelln
433 2565 600 2650 accepta,
630 2555 716 2628 anni
733 2553 936 2649 pestilentia
956 2550 1133 2662 caeliqna
1145 2549 1324 2666 intempa·

179 2731 184 2738 .
257 2664 310 2738 rie
333 2663 488 2738 vallante
504 2685 632 2760 agros,
665 2675 728 2740 aut
747 2667 786 2740 in
804 2664 1030 2743 ostentorum
1049 2663 1323 2763 procuratione,

138 2777 144 2798 ‘
258 2777 403 2872 quoties
420 2774 636 2872 supplicatio
655 2777 800 2854 decreta
817 2775 961 2856 alienet
973 2776 1251 2864 lellisternium,
1268 2774 1325 2851 in·
1378 2778 1381 2787 '

258 2885 373 2992 didos
390 2890 555 2964 videmus
572 2887 683 2966 ludos
700 2889 762 2966 seu
778 2890 951 2970 circenses
972 2890 1033 2971 seu
1049 2890 1231 2974 scenicos,
1260 2885 1326 2962 ali·

259 2999 410 3100 qnando
429 3003 549 3078 setiam
583 3022 720 3077 munus
748 3003 1019 3101 gladiatorium.
1096 3000 1141 3078 lu
1172 2998 1325 3080 Graecia

161 3184 165 3192 .
231 3125 378 3190 ,autam
402 3137 487 3194 cum
513 3113 760 3213 religionibus·
782 3130 819 3192 et
845 3116 951 3195 sacris
974 3117 1127 3210 deorum
1151 3111 1326 3193 sollenni-

259 3227 328 3303 bua
349 3222 545 3308 cuniuntla'
569 3227 670 3307 fuille
697 3232 915 3319 certamina,
943 3253 972 3307 a
997 3251 1211 3329 raquoque
1229 3226 1326 3304 sacra

256 3339 370 3444 uitta,
397 3345 479 3440 quis
499 3341 666 3442 ignorat?
695 3341 782 3444 Qua
800 3344 948 3429 tandem
966 3346 1022 3419 via
1041 3355 1079 3420 et
1097 3344 1252 3430 ratione,
1264 3339 1324 3415 seu

260 3475 338 3553 quo
352 3459 558 3534 animorum
574 3480 696 3534 errore
715 3469 752 3534 et
768 3461 1025 3539 occaecatiuna
1049 3477 1194 3542 mntem
1216 3454 1325 3534 illum

259 3584 449 3670 receptum
469 3568 536 3649 elle
556 3571 791 3670 putabimus?
1033 3582 1035 3592 '

345 3763 352 3784 ’
372 3791 757 3897 Scilicataeligiouum
775 3808 812 3873 et
823 3797 1004 3879 sacrorum
1020 3776 1220 3897 primardia
1236 3815 1324 3872 eum

112 3931 122 3949 ’·
258 3904 329 3984 alia
344 3928 364 3983 a
386 3907 587 3988 calamitate
605 3911 752 4008 publica
769 3924 832 3988 aut
849 3909 1324 3990 malorumimminentium

113 3989 125 4016 k
259 4033 361 4098 metu
377 4017 445 4097 lint
460 4023 677 4122 repetunda,
703 4010 805 4101 fuer'e
827 4025 915 4114 alia,
933 4014 1037 4123 xquaa
1053 4047 1073 4100 a
1092 4012 1202 4130 raban
1220 4022 1325 4098 laetis

243 4135 296 4212 'et
306 4132 491 4234 hilaritate
505 4129 656 4251 publica
672 4133 936 4250 procellarum
960 4140 1075 4242 inque
1097 4136 1155 4214 hia
1180 4133 1325 4212 saltatio

360 4285 364 4290 ’
903 4299 908 4302 -
1151 4299 1157 4307 2
1234 4271 1324 4327 cum
