2967 4950
280 362 315 553 ι,
341 405 559 524 restituendi
586 406 796 499 libertatem
825 363 1062 530 republicae
1126 350 1278 550 x'1337‘⁸
1300 362 1321 413 'a

129 718 136 733 Ι
173 612 371 715 arripiunt,
402 619 450 693 ita
475 629 514 690 ιι
534 616 703 714 grauiora
728 613 970 715 plerumque.
1007 621 1241 718 quam‘quae
1312 699 1315 707 ,

172 731 347 832 tulerant,
379 732 471 809 mala
497 730 709 817 succedant,
740 743 778 803 vt
799 752 873 829 que
892 731 949 806 illi
974 734 1054 831 post
1071 730 1242 820 Caesares

172 860 207 921 et
217 824 404 921 Antonios
429 848 532 923 alluti
552 860 588 920 et
603 844 764 920 imbellis
773 842 996 933 subsessoris,
1029 844 1257 940 Octauiano·
1358 876 1363 885 ·

170 960 459 1036 dominationem
490 956 680 1036 tolerent.
733 955 838 1032 Vana
864 961 1018 1060 itaque
1011 964 1237 1053 ominamur,

169 1078 230 1173 qui
248 1097 321 1155 vno
332 1059 411 1151 ictu
425 1074 585 1151 vulnus
576 1094 613 1146 m
617 1071 775 1147 sanabile
793 1066 997 1180 Galliarum
1011 1076 1121 1152 recidi
1139 1074 1239 1176 posse
1274 1153 1280 1161 .

168 1186 230 1263 fibi
256 1212 321 1286 per
325 1187 483 1263 suadent
544 1181 784 1285 Repetendae
810 1174 930 1262 tamen
955 1204 992 1263 et
1012 1188 1145 1269 horum
1161 1185 1240 1269 mal

122 1340 126 1347 ·
165 1301 287 1377 lorum
309 1298 447 1380 caussae
469 1322 519 1377 ex
536 1298 774 1429 superiorum
795 1298 878 1376 sunt
896 1315 1106 1400 temporum
1127 1308 1235 1391 vitiis,
1268 1386 1273 1393 ,

165 1418 301 1513 quibus
325 1417 490 1512 corrupti
513 1415 626 1491 animi
655 1434 726 1489 nec
755 1413 848 1489 mala
878 1438 948 1490 nec
972 1417 1153 1493 malorum
1181 1443 1236 1495 re·
1309 1451 1313 1459 ·

129 1613 132 1621 ,
163 1529 282 1604 media
303 1530 377 1626 pati
396 1526 574 1627 possunt.
615 1525 813 1603 Stultitiam
836 1550 1005 1615 auorum
1030 1554 1100 1607 nec
1119 1534 1235 1609 modo

146 1642 271 1730 suam,
300 1643 412 1717 luunt
428 1654 583 1763 nepotes
605 1638 824 1729 etiamtum,
853 1666 942 1749 pum
962 1646 1000 1719 in
1020 1668 1118 1721 noua
1139 1646 1237 1724 mala

162 1759 195 1833 se
213 1752 439 1859 praecipites
451 1770 587 1852 agunt,
619 1765 658 1829 vt
677 1777 716 1829 ea
735 1752 933 1853 effugiant,
961 1756 1101 1861 quibus
1124 1760 1179 1835 isti
1198 1760 1233 1837 se

161 1872 364 1951 induerant.
412 1866 477 1944 Vti
495 1868 663 1967 plerique
678 1882 903 1965 temporum,
931 1894 1008 1947 non
1033 1868 1116 1962 suis,
1137 1876 1234 1957 vitiis

161 1985 279 2063 miseri
303 1983 646 2081 suntzrtapatrum
666 1981 887 2081 plerumque
906 1977 1057 2063 uitiiset
1073 1987 1234 2066 deterior
1309 2023 1318 2045 .
1352 1993 1355 1997 ’

164 2114 200 2176 et
215 2099 378 2177 miserior
401 2096 441 2173 fit
466 2098 675 2227 progenies
734 2092 924 2171 Posteris
913 2114 1037 2196 itaque
1055 2100 1126 2176 suis
1148 2126 1234 2178 exe
1258 2169 1260 2174 ,

162 2213 315 2292 ειιιιιιιιι
340 2212 442 2299 sunt,
474 2213 540 2311 qui
562 2212 646 2286 vitia
659 2207 805 2284 blanda
822 2232 864 2285 ac
882 2210 1096 2320 speciosam
1112 2239 1229 2313 remp
1297 2274 1316 2310 „
1390 2297 1393 2306 ι

162 2328 379 2415 admittunt,
421 2329 558 2425 quibus
588 2336 766 2422 nepotes,
808 2336 985 2423 tanquam
1017 2324 1117 2410 lenta
1148 2330 1232 2404 tabe
1357 2396 1368 2407 ,

163 2457 225 2520 aut
255 2464 420 2550 venerio,
461 2440 545 2518 siant
569 2439 732 2538 perituri.
809 2436 978 2543 Attamen
1010 2438 1085 2516 hoc
1113 2440 1232 2540 ipsum

159 2557 411 2656 imprudentes
443 2557 585 2654 agimus
619 2574 771 2639 omnes,
813 2554 879 2652 qui
906 2575 1007 2657 noua
1036 2553 1150 2631 luxus
1177 2559 1234 2632 in·

157 2674 378 2760 strumenta,
407 2667 580 2764 sumtuosr
599 2666 803 2768 splendoris
820 2667 1009 2769 exempla,
1038 2672 1232 2750 autetiam
1265 2743 1268 2758 ,

158 2792 254 2864 vitae
278 2787 323 2864 ad
353 2788 531 2862 maiorem
557 2781 753 2859 mollitiem
779 2783 966 2880 expolitae
995 2783 1230 2881 elegantiam,

156 2904 254 2980 inter
270 2903 370 2978 ciues
394 2914 432 2975 et
454 2897 881 3000 popularesevulgamus,
908 2897 1232 2999 impensarumque
1318 2957 1325 2967 .

156 3015 261 3114 supra
287 3016 467 3098 fortunae,
501 3013 587 3100 loci,
618 3011 771 3095 ordinis.
803 3010 956 3088 modum
978 3011 1231 3090 faciendarum

154 3129 399 3207 necessitatem
428 3127 507 3203 aliis
530 3125 690 3203 facimus
712 3125 969 3201 ostentatione
984 3127 1120 3215 nostra3
1167 3139 1232 3202 aut

156 3246 232 3346 qui
258 3244 350 3321 seu
342 3244 578 3342 ingeniorum
604 3240 664 3317 seu
691 3242 824 3316 artium
852 3237 1028 3312 insidiosis
1054 3239 1230 3334 operibus
1345 3243 1354 3250 '

156 3359 267 3436 editis
299 3343 534 3458 uoluptatum
565 3369 602 3431 et
641 3337 842 3429 libidinum
876 3351 1102 3426 irritamenta
1143 3362 1230 3450 pro·¹

153 3497 401 3664 pomffi
348 3608 507 3687 primum
520 3581 672 3660 Senatus
685 3571 878 3654 Romanus
898 3575 963 3652 sub
977 3574 1062 3676 rplis
1076 3575 1230 3679 suscepte
1313 3546 1322 3607 ¹·

152 3704 202 3780 ab
225 3699 462 3780 Oilauiano
452 3697 597 3795 mpero
588 3691 824 3793 primordiis
842 3691 902 3767 seu
917 3705 1018 3768 metu
1032 3706 1070 3768 et
1077 3695 1231 3772 &cunila

154 3821 282 3906 tione,
325 3815 419 3892 seu
409 3816 549 3890 incuria
576 3827 612 3886 at
639 3808 880 3904 incogitantia
905 3807 1162 3896 commitem,-
1191 3811 1259 3885 ιι.
1291 3864 1299 3880 ,

153 3934 222 4006 vix
249 3931 320 4008 vlla
355 3945 419 4005 aut
449 3919 707 4030 temperandae
741 3921 919 3997 libertatis
950 3937 1013 3996 aut
1044 3922 1230 4020 potestatis
1297 3949 1302 3957 ·

125 4043 255 4140 ‚Caes
250 4069 354 4120 arum
378 4042 598 4120 immodicae
630 4023 984 4114 circumscribendae
1009 4034 1088 4134 spes
1115 4049 1152 4115 ct
1179 4034 1231 4110 sa·

149 4161 276 4252 cultas
289 4159 572 4257 relinqueretur.
604 4151 638 4230 Γ
641 4177 698 4230 am
709 4149 886 4228 drilimrlrs
901 4147 965 4224 ille
983 4163 1058 4258 erat
1026 4161 1229 4350 patrum.

196 4293 314 4374 Heynii
327 4285 433 4374 Opnsc.
442 4290 529 4350 orad.
541 4287 609 4400 Vol
619 4287 716 4354 IV.
788 4322 791 4331 ·
835 4261 871 4342 Y
1094 4265 1232 4360 „qui
