2967 4950
507 430 902 551 rnuffueprobohises.
1157 433 1241 549 167

113 656 115 733 g
168 658 245 714 non
266 634 319 715 ita
336 636 567 739 accipienda,
597 662 641 717 ac
656 636 680 715 si
697 652 778 717 tum
794 642 958 741 primum
976 638 1072 717 haec
1097 638 1183 719 loca
1197 643 1239 719 in

112 750 113 759 '
163 750 343 828 ditionem
356 754 564 853 redegerint
572 749 822 849 Macedonem
840 776 967 830 verum
975 749 1116 835 Xerxis
1126 756 1242 834 bene÷

111 855 112 865 '
161 862 248 941 ficio
270 864 404 965 prolati
422 866 584 966 suntper
599 866 761 944 istnloca
787 869 895 967 regni
914 864 1018 947 fines
1074 862 1238 947 urendo

159 971 344 1055 Persarum
365 983 458 1079 iugo
476 981 678 1083 maturiora
696 1004 813 1079 opum
832 982 1060 1058 incrementa
1074 978 1237 1059 habituri

156 1088 304 1168 fuissent
321 1091 577 1179 Macedones,
617 1092 686 1169 niti
714 1092 942 1193 peninsulam
967 1096 1007 1171 iu
1030 1096 1127 1173 ttirra
1146 1118 1236 1195 pro·

155 1206 347 1280 montoria
380 1216 641 1280 excurrentem
671 1204 832 1284 coloniis
858 1220 1073 1307 occupatam
1099 1206 1237 1285 tenuis-

150 1315 245 1395 sent,
256 1314 513 1391 Athenienses:
542 1316 647 1417 quod
671 1330 711 1391 vt
738 1314 862 1406 fieret,
909 1340 984 1419 qun
1005 1322 1147 1397 incuria
1168 1332 1236 1400 aut

153 1426 367 1505 necessitate
402 1426 547 1507 addutii
577 1428 831 1510 Macedonum
860 1454 968 1531 reget
991 1432 1234 1532 permiserint,

152 1564 238 1623 nou
256 1542 403 1619 constat
464 1540 605 1617 Verum
623 1543 789 1622 mhrburt
802 1556 840 1620 et
847 1566 995 1625 moram
1009 1544 1234 1625 rnrecrtMa·
1347 1576 1353 1585 ·

153 1654 344 1731 cedonum
361 1652 521 1733 consiliis
538 1655 630 1744 hoc,
661 1654 796 1755 siquid
813 1654 926 1735 aliud.
991 1654 1126 1757 itaque
1145 1654 1233 1737 Per·

154 1766 286 1851 diceas,
299 1766 534 1844 Athenienses
548 1752 782 1869 peninsulam
790 1770 991 1848 insidentes
1006 1770 1125 1849 modo
1139 1775 1231 1853 ami-

154 1904 218 1959 cos
247 1882 363 1958 modo
386 1880 535 1957 infestos
560 1880 718 1973 habens,
774 1906 841 1985 per
870 1882 961 1962 beili
990 1882 1229 1985 Peloponne-

154 1992 242 2074 sirei
254 2010 421 2096 tempora
437 1996 543 2071 variis
559 1992 728 2074 fortunae
739 1998 878 2076 casibus
889 1997 939 2073 eti
954 1996 1117 2087 iatiatus,
1128 2021 1229 2098 quor

152 2132 198 2187 ex
222 2106 445 2213 Thucydide
464 2110 687 2209 cognoscere
715 2108 812 2187 iicet.
879 2108 937 2190 Ad
962 2122 1128 2187 extrema
1153 2110 1232 2187 sor·

153 2235 264 2299 tunae
282 2222 477 2309 adduitus,
497 2246 584 2304 cum
600 2222 761 2301 Sitalcen
778 2221 1003 2319 Odrysarum
1021 2245 1145 2317 regem
1161 2221 1230 2299 fibi

153 2333 399 2414 adiun'xissent
431 2335 689 2422 Athenienses,
736 2333 906 2413 arcessitis
936 2331 1128 2411 Perdiccas
1156 2330 1230 2411 Le·

153 2448 400 2531 &daemoniis
419 2475 478 2528 res
495 2450 574 2532 suas
595 2450 769 2533 restituit,
804 2446 867 2524 etsi
892 2448 992 2530 idem
1017 2444 1227 2545 Lyncestae,

153 2568 215 2665 qui
243 2565 316 2644 illo
348 2565 470 2646 adhuc
493 2559 663 2665 tempore
686 2565 790 2642 suum
813 2585 958 2662 regem,
997 2562 1227 2652 Ambacum,

153 2677 362 2767 habebant,
382 2679 588 2757 coniunsiit
605 2702 691 2758 cum
716 2673 857 2756 Brasrda
881 2679 992 2757 armis
1014 2675 1112 2754 hand
1137 2699 1226 2779 pro·

153 2793 257 2891 spero
280 2805 418 2897 euentu
436 2789 619 2892 aggressus
642 2793 693 2868 est
714 2802 777 2891 m).
836 2787 1030 2870 Perdicme
1044 2788 1224 2868 successor
1301 2779 1307 2788 ’

151 2903 373 2995 Archelaus,
399 2903 583 3005 Euripidis
603 2905 837 3006 aliorumque
860 2903 1138 3005 ingeniosorum
1155 2903 1226 2982 ho·

152 3024 296 3126 minum
313 3019 556 3097 familiaritate
571 3020 725 3110 nobilis,
753 3020 870 3097 multa
884 3021 923 3097 in
945 3041 1066 3118 regno
1088 3017 1223 3096 meiius
1381 3058 1383 3075 ι

154 3135 359 3228 constituit:
389 3161 466 3212 uam
482 3132 627 3214 etmusta
641 3133 714 3212 soro
732 3134 892 3220 munus,
920 3137 994 3210 vius
1016 3132 1120 3207 redas
1130 3135 1224 3231 sirn-
1381 3152 1382 3155 ‘

155 3251 224 3336 uit,
275 3261 307 3327 ei
335 3272 406 3324 curn
429 3245 499 3332 astu
521 3248 710 3335 ordinaris,
757 3257 827 3323 tum
848 3250 946 3352 ιξὶαηι
969 3266 1036 3322 mr
1050 3241 1224 3322 militarem

152 3367 257 3465 equis,
291 3364 411 3450 urnis,
447 3373 479 3444 et
499 3362 621 3462 utiquo
647 3360 722 3438 hessi
741 3369 913 3460 apparatu
942 3359 1100 3458 instruxit
1127 3356 1223 3458 longe
1318 3367 1322 3372 ’
1378 3356 1380 3445 ἶ

151 3477 280 3562 mestus,
306 3475 405 3576 quum
422 3480 516 3558 ceteri
535 3501 642 3554 omnes
665 3471 738 3550 offo
756 3495 863 3575 reges,
897 3475 954 3568 qui
975 3497 1045 3574 cunr
1061 3468 1225 3574 nntereffi·
1377 3469 1379 3508 ¹

152 3603 230 3669 rant
246 3585 440 3692 (Thucyd.
462 3587 518 3682 ΙΙ,
542 3581 672 3694 roo).
710 3585 818 3664 Eius
844 3598 1003 3661 mortem
1028 3581 1222 3686 insequuta
1376 3574 1378 3609 ⁴

149 3685 233 3782 sunt
249 3703 337 3782 bei
327 3727 352 3782 a
368 3703 525 3786 ciuilia
514 3717 610 3781 mter
629 3698 753 3801 piures
773 3721 839 3802 qur
829 3699 907 3777 de
930 3721 1048 3797 regno
1069 3706 1225 3787 conten
1229 3777 1236 3785 ,
1374 3772 1376 3819 ἶ

153 3813 303 3914 derent;
331 3820 381 3899 ita
403 3831 443 3894 vt
466 3820 530 3895 vix
545 3813 800 3942 assequereris,
825 3811 1020 3917 quomodo
1043 3835 1090 3889 ex
1111 3807 1224 3891 tantis¹
1365 3870 1370 3923 :

152 3933 259 4012 malis
282 3928 463 4010 emersura
486 3928 572 4009 esset
599 3913 831 4008 Macedonia.
890 3924 1127 4008 Enimuero
1115 3949 1156 4004 ιιι
1175 3928 1223 4003 iis
1293 3999 1298 4008 ,
1372 3994 1374 4029 ,

151 4037 321 4148 oopuiie,
370 4067 550 4174 quorum
567 4042 680 4130 animi
710 4056 748 4121 et
777 4065 935 4149 corpora
961 4067 1040 4126 nou
1064 4040 1224 4118 omuino

435 4199 442 4220 ι
587 4199 590 4202 ·
713 4153 804 4260 L4
893 4201 908 4213 -ι
997 4149 1256 4233 -mollitse
1370 4226 1372 4250 ,

209 4291 257 4374 ιιι)
277 4290 427 4378 Thucyd.
442 4289 503 4362 IV.
519 4306 569 4376 80
589 4309 648 4376 124
658 4291 701 4375 sq
