2967 4950
195 481 206 492 ’
342 485 382 572 in
401 477 524 598 furris
545 450 816 593 mmurrseriis
837 507 875 569 u
899 461 991 573 XC.
1133 496 1215 593 233

145 687 299 792 rerunt?
324 687 578 791 quaeque'nos
594 685 659 786 ips
675 686 733 763 his
750 685 998 763 deliramentis
1023 685 1071 762 de
1092 685 1218 762 nostro

144 800 376 878 addidimus!
425 799 574 879 Vtinam
612 800 738 878 saltem
776 803 973 878 nobiscum
1010 813 1084 876 tam
1114 801 1219 877 orne

144 915 265 991 acrum
290 913 395 1002 esset,
427 929 485 1004 vt,
512 934 610 1014 quae
627 929 696 992 nos
714 929 773 992 tot
786 939 970 992 annorum
992 914 1222 991 lucubratio·

143 1031 274 1126 uibus,¹
292 1033 388 1104 curis
409 1017 451 1106 tro
468 1031 593 1104 studiis
613 1032 929 1127 excogitauirnus,
956 1029 1221 1127 perspeximus,

144 1146 192 1218 ad
211 1144 394 1242 siquidum
419 1145 682 1240 perduximus,
712 1145 751 1216 in
776 1162 890 1220 vnum
907 1143 1029 1218 seirent
1056 1141 1219 1242 aliquem

143 1267 205 1336 ex',
224 1260 315 1352 saris
340 1271 379 1331 et
398 1255 649 1331 familiaribus
677 1256 807 1346 nostris
835 1256 1028 1332 transferre
1052 1271 1089 1332 et
1120 1253 1220 1354 quofl

141 1363 408 1445 transfundere
422 1358 576 1467 eiusque
593 1369 722 1444 animo
738 1367 910 1443 instillare
938 1368 1124 1468 possumus!
1152 1374 1223 1444 vti·

142 1507 236 1566 nam
257 1495 407 1575 naturae
424 1482 604 1558 beneficio
620 1479 828 1572 concessum
845 1480 951 1570 esset,
977 1481 1126 1580 quando
1151 1502 1221 1558 nos
1360 1523 1366 1532 ·

142 1598 196 1672 de
211 1589 289 1671 vvitat
313 1595 545 1683 decedimus,
569 1597 700 1684 alium,
724 1579 906 1694 quisdem
925 1597 1124 1672 studiorum
1140 1617 1224 1671 cur·

142 1708 328 1800 ticulum,
365 1708 650 1822 disciplinarum
687 1711 861 1801 stadium,
880 1689 1130 1809 'ingressurus
1153 1707 1223 1800 est,
1355 1737 1365 1770 ,-

143 1825 370 1921 constituere
391 1845 438 1900 eo
455 1827 494 1900 in
513 1825 683 1922 vestigio.
710 1818 749 1899 ¹in
769 1847 849 1924 quo
873 1838 1022 1901 nosmet
1048 1823 1113 1924 ipss
1134 1835 1224 1900 ‘cut-

144 1939 227 2014 sum
243 1937 514 2037 abrumpimus!
543 1938 692 2032 Quanta
714 1941 903 2014 tuurintra
934 1941 1048 2016 breue
1074 1953 1222 2036 tempus

143 2039 602 2137 litterarum-'incrementa
635 2052 714 2128 sore
742 2052 976 2149 putabimus!
1015 2053 1092 2131 lam
1119 2073 1222 2138 vero.

146 2170 212 2243 vbi
229 2164 392 2243 nostrum
424 2166 557 2266 aliquis
582 2167 628 2242 a‘d
657 2180 858 2244 extremam
885 2165 1021 2251 calcem
1049 2167 1223 2262 perrexit,

146 2279 666 2382 eecoaiter'eundemcursum
685 2303 705 2355 a
722 2273 929 2355 carceriBus
948 2281 1102 2354 orditur.
1129 2275 1228 2370 Tam

145 2390 278 2494 parum
297 2395 432 2472 nunus
453 2395 645 2471 exnostro
663 2392 795 2469 sudore
818 2391 1149 2490 ecidesarigatione
1167 2413 1226 2466 ca·
1248 2459 1252 2467 .

146 2509 362 2609 piont'alii,
414 2512 553 2610 vt‘tota
583 2511 655 2583 vita
680 2508 927 2609 comparanda
956 2504 1025 2582 ess'e
1059 2508 1251 2583 videatur·

85 2668 89 2681 ·
148 2644 237 2708 cum
255 2623 354 2701 ludis
378 2623 630 2707 circensibns‚'
650 2625 787 2723 quibus
812 2621 904 2699 nihii
932 2618 1041 2700 aliud
1060 2618 1224 2722 proposi·

147 2754 231 2815 turn
251 2738 311 2827 stt.
344 2761 464 2839 quam
485 2753 524 2815 vt
539 2721 831 2815 decursus'vices
861 2741 1007 2814 iteratae
1040 2736 1119 2813 aliis
1145 2736 1224 2835 spe·

147 2854 271 2929 dandi
295 2852 522 2952 voluptatem
554 2853 750 2939 afferunt‚·
775 2850 945 2929 decursus
976 2851 1049 2951 ipse
1077 2848 1226 2928 finiatur

145 2990 353 3067 nunquam.
416 2966 556 3043 lnteted
573 2980 629 3044 tot
647 2970 805 3043 eximiae
820 2986 865 3074 uc¹
889 2964 1094 3077 praeclarae
1122 2968 1227 3064 inge·

148 3087 299 3159 niorum
317 3084 421 3166 vires.
443 3098 515 3159 tam
535 3082 708 3183 operosae
724 3105 849 3159 earum
868 3082 1132 3181 expolitiones,
1148 3093 1224 3153 tarn
1308 3138 1319 3153 .

148 3189 351 3296 exquisitae
367 3193 613 3274 dosirinarum
631 3221 722 3295 opes
740 3220 815 3273 vno
839 3208 1031 3272 momento
1049 3190 1229 3287 cumipse·

148 3315 223 3387 vita
242 3309 493 3401 manascunt,
512 3314 803 3403 intereunt;·’ita·
817 3320 875 3395 rt,
908 3307 1057 3405 quoties
1083 3302 1225 3379 virdo·

148 3427 245 3517 dus,
262 3425 463 3509 litterarum
481 3412 914 3519 etzdottnnarum'coptir
930 3418 1078 3515 egregie
1095 3412 1227 3493 inisru·

149 3538 250 3629 dus,
281 3538 326 3616 ad
347 3540 416 3616 sata
433 3532 492 3618 sua
511 3552 701 3639 properat.
717 3535 860 3613 'locum
884 3531 1014 3608 habeat
1033 3528 1125 3623 iliud
1145 3528 1236 3623 Ns:

149 3657 269 3741 rouis,
301 3655 403 3753 quod
422 3655 485 3731 sub
507 3666 670 3729 extrema
690 3649 784 3725 vitae
806 3644 1099 3732 i'lleiderutidem
1124 3644 1226 3723 disii-

146 3783 222 3846 tere
238 3768 398 3847 solebat:
430 3768 546 3873 Qualis
564 3767 688 3867 arnseo
708 3765 834 3865 perros
963 3784 1012 3874 ‘,
1110 3791 1115 3811 ·

261 3994 393 4075 Multo
418 3996 702 4096 etiamgrauiur
724 3990 876 4093 querela
899 3992 945 4071 'de
972 4006 1122 4070 naturae
1155 3984 1227 4063 ini·

149 4114 289 4211 quitate
305 4112 472 4189 adhiberi
489 4114 628 4211 potest,
659 4108 833 4189 iiartium
848 4107 1120 4207 ingeniosorum
1135 4118 1227 4176 con·

149 4226 333 4307 ditionem
370 4242 606 4328 reputemus,
659 4222 813 4415 qussndo
846 4238 933 4300 non·
956 4222 1070 4298 animi
1094 4210 1227 4303 modo.

769 4362 786 4433 5
843 4360 846 4369 ’
1095 4348 1224 4409 vetunt
