2967 4950
254 481 362 604 apud
394 481 589 622 Romanor
618 425 1108 585 eiGr·uecnn,Cornrn.1.
1167 501 1220 598 53

140 694 321 774 dicuntur
334 687 438 768 iuiiie
458 688 627 796 publica,
644 689 699 766 ·de
716 692 855 791 quibus
877 687 945 788 iege
963 691 1089 789 quaeri
1104 689 1222 769 'licuit
1254 720 1258 732 ·

134 809 452 910 quaestionesque
478 805 580 881 fuere
603 805 787 882 institutae
813 819 1021 906 perpetuae.
1092 801 1222 890 Enim·
1394 800 1397 813 ’

136 944 350 1000 veronunc
374 924 508 996 iterum
533 920 661 1017 quaeri
684 919 823 1020 potest,
862 920 1060 1018 delegunt
1079 915 1218 1010 eauffir,
1341 1001 1345 1012 ,

136 1051 176 1113 et
196 1037 240 1114 ad
266 1035 371 1136 quod
396 1035 620 1136 principium
647 1037 848 1112 conrnru'ue
872 1033 975 1133 leges
998 1033 1084 1112 illae
1108 1055 1219 1110 reuo-
1275 1084 1280 1101 -

131 1151 277 1229 candae
294 1149 373 1226 {int
435 1147 515 1242 Qui
530 1148 632 1234 enirn
644 1147 783 1224 iatturn
802 1148 871 1238 est,
907 1159 947 1224 rt
973 1146 1043 1224 alia
1062 1149 1217 1224 crimina

134 1265 223 1366 lege
240 1265 287 1341 ad
317 1262 495 1370 iudicium
521 1259 715 1359 publicum
737 1263 886 1339 retraiia
913 1260 1000 1351 tint,
1041 1260 1110 1338 alia
1128 1262 1216 1338 :istie

133 1377 328 1457 {imillirna
354 1377 399 1452 ad
425 1375 554 1453 deliiia
577 1388 615 1452 et
637 1374 820 1452 aiiiones?
861 1373 1016 1452 Nihilne
1046 1377 1095 1450 in
1118 1375 1216 1452 hira

132 1507 247 1572 certo
263 1491 391 1589 aliquo
415 1490 612 1568 hominum
635 1490 795 1579 iudicio,
825 1512 850 1596 ¹a
877 1492 986 1594 certis
1008 1485 1135 1565 eauffis
1165 1488 1216 1564 est

134 1603 371 1709 profestum?
403 1619 540 1683 temere
557 1617 595 1681 et
610 1603 775 1682 casualia
803 1596 879 1683 alio
910 1601 1028 1682 morto
1052 1597 1212 1682 eueuiffe
1333 1687 1338 1693 ,

134 1717 377 1823 putabimur?
513 1717 530 1751 ·’
630 1815 635 1822 η

157 1919 163 1924 ·
251 1885 332 1965 Nifi
349 1882 531 1978 fallimur,
565 1882 621 1964 re's
640 1911 686 1965 eo
704 1887 821 1965 ruodo
834 1885 1067 1988 exsequenda
1084 1885 1144 1974 est,
1171 1853 1212 1962 vt

136 2005 175 2082 in
200 2001 466 2080 constituendis
495 2001 780 2100 quaestionibus
811 2017 849 2080 et
876 1991 1021 2091 iudiciis
1049 1999 1211 2100 publicis
1353 2055 1357 2060 -

137 2141 216 2196 nou
234 2115 387 2218 quidem
405 2131 542 2192 acerto
559 2115 686 2216 aliquo
703 2115 846 2194 indicio
863 2117 934 2192 iam
949 2116 997 2190 ab
1015 2118 1105 2190 vrbe
1121 2137 1212 2208 eon·

138 2233 215 2310 dita
228 2229 364 2308 *animis
382 2230 582 2320 informato
607 2231 808 2330 profeiios,
850 2242 1105 2320 verumtamen
1128 2249 1212 2325 par·

136 2350 205 2424 tim
228 2361 335 2432 more,
372 2341 505 2445 partini
532 2372 640 2422 rernm
664 2345 812 2445 ipsarum
836 2341 1123 2428 orationarios,
1163 2337 1210 2439 ad

138 2475 274 2539 certam
289 2459 451 2559 aliquam
468 2482 637 2537 normam
656 2456 768 2534 serius
791 2451 993 2557 perueniffe
1017 2453 1208 2533 Romanos

138 2576 313 2655 dicamus.
346 2571 446 2675 Curn
467 2577 567 2651 enim
580 2574 626 2649 ab
640 2573 749 2649 initio
768 2570 867 2673 apud
884 2582 1090 2670 regestum
1109 2568 1209 2676 apud

138 2689 304 2769 consules
321 2690 443 2767 omnis
464 2686 549 2765 eiset
570 2686 791 2765 iurisdiiiiot
832 2686 979 2764 nullum
1004 2686 1209 2763 habebatur

138 2806 331 2885 discrimen
359 2806 455 2899 inter
486 2804 640 2891 crinrina
668 2826 711 2879 ac
736 2801 872 2880 iudicia
896 2800 1043 2902 publica
1071 2814 1108 2876 et
1133 2800 1208 2898 pri·
1321 2806 1329 2817 '

137 2936 237 3014 vata3
278 2932 412 2996 vt'nec
437 2914 639 3017 cauffarum
669 2915 965 3017 publicarumac
981 2918 1208 3014 priuatarum

135 3035 330 3113 discrimen
344 3044 437 3131 erat
507 3024 657 3109 Vanum
685 3032 735 3109 est
767 3028 942 3134 Dionyiii
963 3028 1082 3111 Halic.
1112 3027 1209 3104 iudi·
1268 3083 1272 3091 -
1386 3069 1389 3077 ·

136 3154 255 3237 cium,
285 3150 351 3249 qui
369 3170 428 3248 ea.
458 3169 553 3247 quae
569 3146 680 3255 serius
698 3146 895 3223 constituta
910 3156 983 3234 xaut
1006 3166 1026 3220 a
1053 3140 1206 3220 Graecis

137 3263 360 3363 sapientibus
383 3259 489 3361 super
515 3283 594 3361 rep.
623 3258 803 3361 disputata
824 3259 988 3352 inerant,
1031 3256 1232 3355 adneges,
1265 3265 1272 3280 ⁸

137 3375 394 3457 Romanorum
413 3390 575 3457 reuocat.
604 3378 724 3473 iisque
743 3373 951 3451 austoribus
969 3373 1095 3449 omnia
1113 3374 1216 3470 reip.'
1275 3391 1279 3412 ·

137 3494 297 3570 instituta
314 3501 488 3591 tanquam
508 3514 527 3565 a
544 3485 667 3585 subtili
684 3493 814 3571 eorum
832 3488 993 3586 ingenio
1015 3499 1053 3563 et
1072 3484 1207 3585 sagaci·
1276 3505 1278 3510 ·

137 3622 206 3685 tate
225 3592 386 3707 profetia
403 3606 532 3682 tribuit
547 3600 617 3705 *);
645 3604 841 3701 inquibus
861 3600 957 3679 sslud
975 3596 1128 3704 quoque
1144 3600 1207 3689 est,
1250 3683 1253 3692 ¹

244 3716 275 3747 ’”
592 3715 836 3813 -·D3:
1102 3712 1207 3819 quod
1298 3741 1300 3746 ·

192 3880 229 3957 ²¹⁸)
249 3844 429 3942 concidunt
446 3868 526 3961 'adeo
538 3844 805 3965 pleraquesqure
828 3877 868 3941 de
887 3875 1015 3940 iudiciis
1037 3896 1056 3939 a
1078 3878 1206 3960 regibus
1276 3947 1287 3967 x

246 3961 394 4025 exercitis
407 3962 464 4025 viri
480 3960 566 4027 dosti
589 3970 790 4045 argutantur3
823 3970 857 4025 vt
877 3959 1043 4024 Adrianus
1069 3979 1132 4024 van
1151 3957 1208 4023 uer
1251 4011 1257 4019 .

245 4044 337 4124 Honp
351 4046 385 4109 in
402 4044 466 4109 diff„
484 4044 521 4109 dr
533 4047 591 4119 iis,
614 4045 774 4130 quan'nnti
795 4067 824 4112 u.
843 4044 881 4109 da
894 4045 1075 4111 criminibus
1088 4043 1206 4109 indita·

88 4044 93 4361 l
245 4130 337 4203 rint,
358 4150 386 4193 c.
401 4130 428 4196 l.
443 4140 475 4195 et
488 4131 527 4195 Π,
548 4132 580 4193 iu
599 4129 759 4221 Supplern.
771 4066 862 4202 'qihei
879 4131 1072 4194 Meennann.
1110 4124 1208 4191 Suffi·
1259 4210 1263 4216 Ι

246 4215 293 4279 cit
310 4223 437 4287 tenere,
460 4214 641 4299 potestatem
654 4215 773 4297 regiani
785 4236 891 4289 more,
906 4234 972 4279 non
983 4214 1107 4291 tegitur
1116 4207 1208 4274 fuisse
1264 4238 1268 4247 ·
1354 4253 1358 4265 f

245 4296 464 4379 constitutam,
491 4302 631 4391 adeoque
652 4300 778 4383 iegibus
800 4298 922 4395 idoneis
947 4291 1209 4447 circumscrliffilrss
1274 4309 1277 4318 ·
