2967 4950
133 416 139 431 ’
250 375 305 534 sd
364 419 429 512 De
447 417 670 546 iudiciorum
688 415 925 537 publicorum
941 405 1293 550 eneruauerunt

210 675 215 694 ι
250 633 377 704 rent'ur
392 637 535 704 tantum
553 647 632 702 non
653 627 778 702 omnia
796 615 1212 710 arbitratuiCofusuiunrJ
1225 642 1325 722 quo·

204 767 206 772 ·
251 739 444 818 rumadeo
466 752 529 816 aut
544 739 729 842 cupiditas
743 753 806 815 aut
828 738 987 816 studium
1007 735 1115 836 saepe
1132 734 1325 813 sententias

140 864 145 872 “
251 877 336 930 rum
371 860 592 953 aequitatem
633 857 670 930 iu
704 851 946 954 suspicionem
972 852 1156 932 adducere
1188 853 1324 952 potuit.

253 967 339 1048 Sine
356 967 560 1044 accusatore
576 967 756 1054 iudicium
775 967 922 1071 nullum
934 967 1061 1049 haberi
1078 987 1171 1042 mox
1184 964 1326 1042 videbi-

246 1085 359 1175 mur}
393 1079 515 1160 deficit
529 1105 599 1160 nosw
615 1069 819 1160 ‘audoritae
840 1098 958 1171 certa,
1002 1081 1185 1158 eodemne
1207 1079 1324 1174 modo

255 1197 328 1272 iam
346 1209 428 1272 tum
461 1219 518 1272 res
541 1197 576 1273 se
606 1180 794 1283 habuerit.
839 1219 885 1272 an
910 1219 1015 1294 reges
1040 1186 1326 1272 eteonsui'eaad

79 1399 81 1406 1
256 1305 420 1388 officium
442 1302 545 1388 suum
559 1315 745 1410 pertinere
759 1311 797 1388 id
814 1311 1046 1412 putruerint,
1083 1291 1328 1388 ut‘teuns'vo-

161 1419 165 1424 ’
217 1513 226 1530 ⁸
255 1437 382 1500 carent
403 1417 458 1522 d);
483 1504 486 1516 ,
517 1423 749 1513 Probabilior
766 1439 889 1502 tamen
906 1423 1009 1515 etad
1025 1437 1189 1501 ueterum
1205 1414 1327 1498 homi·

129 1565 131 1572 ·
211 1569 214 1578 κ
256 1559 348 1615 num
369 1530 518 1640 ingenia
531 1539 848 1618 accommodatior
862 1539 912 1616 est
934 1541 1035 1639 prior
1055 1537 1120 1614 ilia
1139 1539 1257 1614 ratio'
1317 1601 1321 1608 .

222 1708 238 1754 '·
356 1700 443 1780 utu
465 1723 563 1782 ¹vero
592 1705 738 1806 populo
766 1706 984 1804 prouocatio
1000 1701 1097 1784 esset
1118 1701 1221 1784 data:
1262 1729 1329 1782 nou
1394 1774 1396 1791 ,

258 1826 382 1891 tamen
398 1827 490 1903 erui,
518 1823 575 1917 ptri
592 1819 745 1922 iudicium
755 1816 877 1921 populi
888 1823 1112 1923 ,constituerem
1148 1822 1209 1914 ut'fi
1224 1821 1328 1915 mugi·

248 1925 550 2032 jurensium-qut
566 1921 789 2012 r‘udicuurru'i.¹
825 1931 949 2010 Vnde
972 1922 1330 2032 intelligitur,'pro.
1398 1964 1400 2017 t

257 2046 462 2128 vocationis
482 2046 637 2126 fructum
663 2073 739 2126 non
758 2048 837 2125 satis
853 2046 1031 2152 magnum
1049 2048 1093 2125 ad
1110 2071 1193 2124 reor
1212 2045 1326 2122 suiffe.
1390 2122 1397 2141 ,

128 2231 136 2242 ,
257 2151 367 2240 Haud
385 2160 493 2238 facile
512 2166 611 2249 enim
629 2165 681 2260 ie,
699 2167 765 2264 qui
782 2163 996 2240 sententiam
1008 2162 1170 2251 tulerat,
1187 2161 1232 2236 ad
1248 2149 1329 2238 eam
1401 2166 1403 2199 i

255 2273 390 2372 populi
419 2273 601 2376 ¹suffragiis
631 2277 910 2369 infirmandam,
949 2299 1100 2378 operam
1128 2274 1331 2353 admodum
1403 2300 1404 2349 r

179 2465 183 2470 .
258 2403 443 2490 promtam
464 2391 619 2470 attulisse
639 2380 755 2472 videri
776 2394 904 2497 potest.
980 2387 1134 2468 Necesse
1157 2390 1250 2486 adeo
1278 2393 1330 2465 vi·
1405 2436 1407 2457 i

260 2500 340 2577 deri
364 2505 511 2595 debuit,
549 2502 594 2583 vt
610 2506 741 2600 essent,
778 2514 863 2609 qui,
902 2533 950 2585 ne
976 2508 1195 2607 prouocatio
1219 2508 1330 2583 inane

258 2636 397 2693 nomen
417 2614 519 2706 esset,
543 2620 772 2719 perficerent
807 2619 932 2697 Creati
949 2621 1031 2697 sunt
1049 2620 1206 2697 sedecim
1223 2622 1329 2696 annis

190 2816 194 2827 ,
260 2729 342 2829 post
361 2728 429 2826 (V.
450 2728 492 2812 C.
509 2740 560 2809 26
573 2727 626 2825 1.)
643 2726 805 2819 Tribuni
825 2734 975 2834 piebis..
1003 2747 1042 2810 vt
1058 2735 1238 2811 auxilium
1258 2732 1330 2809 ser·

259 2856 344 2921 rent
361 2844 481 2942 plebi,
498 2862 610 2946 utque
627 2849 802 2948 appellati
814 2843 1093 2928 intercederent
1149 2846 1330 2925 Effectum

260 2958 310 3034 ita
331 2972 426 3042 erat,
454 2974 510 3050 vt,
541 2964 605 3063 qui
628 2960 723 3041 Cois.
750 2963 926 3041 sententia
948 2965 1077 3065 iniqua
1098 2948 1331 3064 ¹condemua-

168 3140 172 3151 .
258 3070 318 3150 tus
344 3068 448 3159 esset,
471 3072 517 3153 ad
536 3072 756 3176 supplicium
771 3077 858 3155 duci
876 3080 1056 3179 nequiret
1072 3084 1077 3093 '
1114 3073 1268 3166 Verum,
1286 3089 1329 3154 vt

246 3187 425 3288 populus
441 3187 487 3265 de
514 3189 628 3269 caussa
652 3190 912 3291 cognosceret,
944 3216 1023 3270 non
1049 3188 1117 3268 nisi
1140 3216 1161 3266 a
1186 3188 1331 3292 Consu·
1358 3252 1365 3263 .

227 3356 231 3369 1
260 3300 341 3380 lum
359 3324 471 3403 opera
487 3327 529 3382 ac
548 3306 739 3384 voluntate
754 3305 972 3405 expetieras.
1031 3304 1128 3383 Nam
1145 3301 1190 3385 ad
1206 3329 1330 3407 popu·

259 3412 340 3493 lum
355 3417 469 3505 serre,
503 3418 671 3520 adeoque
693 3422 916 3498 concionem
943 3433 980 3497 et
1007 3422 1156 3515 comitia
1181 3419 1332 3513 habere.

260 3552 339 3609 uon
362 3530 428 3609 nid
450 3533 673 3631 magistratui
699 3528 842 3611 licebat.
912 3533 967 3612 Ita
992 3534 1127 3635 plebia-
1144 3528 1329 3631 auxilium

258 3621 457 3724 iterum'ad
477 3648 586 3727 inane
602 3670 740 3726 nomen
756 3649 931 3744 redierat3
967 3665 1042 3726 tarn
1059 3647 1232 3727 callidum
1251 3664 1332 3725 erat

115 3863 118 3869 .
260 3775 406 3863 patrum
429 3759 474 3837 ad
492 3762 743 3841 cauillandum
759 3766 953 3865 ingenium
976 3760 1112 3860 iuvita
1136 3765 1332 3863 ceteroqui

101 3902 102 3909 ¹
705 3884 708 3895 '
1243 3876 1332 3955 rudi

322 4031 361 4117 d)
380 4033 428 4099 De
439 4034 572 4101 Horatio
588 4056 635 4121 rp.
647 4036 774 4103 Liuium
784 4035 844 4101 est:
866 4044 965 4099 tamer
982 4042 1093 4119 raptus
1108 4035 1142 4099 ia
1156 4036 1207 4099 ius
1221 4033 1267 4098 ad
1279 4053 1330 4098 rr·

370 4136 440 4201 geru
458 4132 494 4223 pt
511 4141 557 4223 ap.
575 4120 706 4204 Dionys.
721 4121 787 4195 Ill,
801 4138 852 4190 Μ»
867 4119 950 4200 Regi·
962 4125 1182 4199 πρκέρχονται
1199 4119 1260 4181 redu
1271 4140 1330 4180 rru-

371 4208 488 4267 dtruruu
516 4203 621 4282 ανδρες
643 4204 694 4267 οὐκ
722 4204 855 4281 ἀφανεῖς
878 4202 930 4261 τόν
952 4199 1089 4280 ‘Optimae
1115 4200 1241 4279 ἄγοντος
1269 4201 1332 4267 διδ

369 4290 465 4369 diuae.
483 4308 545 4373 ‚quo
559 4286 686 4355 auriota
701 4289 763 4353 iroc
777 4284 943 4371 scripserit,
963 4285 1139 4371 ignoratur.
1171 4279 1183 4299 ¹
1253 4300 1256 4307 ·
