2967 4950
363 278 566 420 eorumque
589 295 721 411 couffls
747 315 783 387 et
813 301 966 388 euantis.
1065 375 1070 385 ,
1107 290 1207 412 Ι465

149 513 261 605 quiea
277 507 406 608 popolo
433 509 505 610 ipso
532 505 728 612 sumuntur.
764 503 925 584 fidolor
962 504 1116 582 iniuriae
1147 529 1211 582 ao·

146 637 264 720 ceptae
302 625 356 698 est·
389 624 578 721 publicus,
631 637 668 698 et
707 621 857 695 titionis
890 621 1043 696 auiditas
1074 639 1205 699 omnes

147 741 316 812 omniunt.
330 739 478 813 ardores
493 735 754 836 inflammauit3
786 754 864 809 tom
884 757 972 820 vero
987 734 1076 810 odia
1094 737 1206 810 inter-

146 853 269 928 necina
284 849 545 936 concitantur,
591 865 627 924 et
659 845 807 946 poffunt
826 871 882 924 res
906 869 952 929 eo
971 849 1125 937 addunt,
1165 863 1206 924 vt

144 961 222 1041 nin
243 965 471 1063 vitioresque
492 965 628 1064 §mutua
655 962 925 1050 internecione,
954 963 1202 1067 gladiatorum

142 1101 260 1166 more,
288 1079 458 1186 pugnent
475 1076 691 1176 cadantque.
736 1073 852 1167 Quod
872 1077 1055 1186 beliorum
1070 1101 1203 1177 genus,

142 1190 511 1270 caecomoltitudinis
529 1192 669 1290 impetu
693 1201 968 1276 temere‘ruena
1000 1212 1083 1267 cum
1101 1191 1204 1273 nulla
1285 1196 1288 1217 ¹

140 1321 227 1394 arte,
258 1305 364 1380 nullo
381 1301 536 1381 consilio
558 1305 639 1402 regi.
655 1301 791 1402 poiittr
812 1303 894 1382 suae
912 1302 1075 1404 ipsorum
1099 1304 1203 1381 ialuti

139 1419 232 1497 male
260 1417 463 1496 consulturi
489 1416 602 1494 effent
631 1441 756 1516 reges,
763 1443 767 1457 ·
795 1421 879 1517 qui,
915 1434 956 1494 vt
984 1417 1076 1496 illud
1101 1441 1204 1494 exar-
1284 1473 1287 1481 .

138 1533 312 1621 deiceret,
342 1533 441 1610 'faces
459 1532 633 1608 subiicere
653 1531 802 1609 vellent.
860 1529 1004 1609 Locum
1022 1534 1120 1608 enim
1139 1533 1203 1608 ha·

140 1650 298 1746 biturum
319 1641 405 1724 effer
420 1647 525 1735 iilud,
546 1645 666 1763 quod
674 1647 771 1746 apud
787 1643 985 1736 (Ionicum
1004 1648 1072 1723 est:
1100 1649 1203 1732 Here,
1258 1733 1262 1746 ,

141 1787 220 1862 quoe
236 1787 284 1837 rer
306 1763 339 1836 ιἰι
359 1763 396 1864 [ι
419 1787 515 1857 neque
532 1745 696 1862 confilium
715 1785 814 1861 mque
827 1764 957 1837 modum
972 1760 1070 1839 babet
1088 1759 1201 1848 ollam.
1256 1792 1265 1819 ι

139 1903 208 1954 ram
219 1876 348 1978 consito
368 1901 475 1972 regere
488 1903 554 1950 non
566 1885 668 1976 poter
684 1913 735 1927 -
764 1876 894 1950 Incerto
908 1874 1024 1980 hotoft
1041 1888 1077 1953 itt
1089 1881 1203 1978 postu·
1306 1889 1309 1893 ’

143 1990 192 2068 ios
215 1991 357 2098 Ratione
373 1989 605 2092 cumfratre,
633 1983 825 2086 nihiioplur
841 2008 941 2084 agot
986 1988 1133 2092 Quomr
1104 1996 1134 2092 fi
1149 1992 1203 2068 der

141 2129 290 2208 opernm,
320 2116 356 2180 vt
376 2130 449 2181 cum
473 2107 601 2180 ratione
628 2103 783 2206 insanias.
899 2177 910 2196 ,

250 2217 420 2298 Omnino
441 2219 536 2296 bella
560 2218 786 2294 internecina
804 2214 887 2292 sunt
899 2214 1102 2315 populorum
1113 2219 1207 2317 sero·

119 2335 212 2413 'rum
233 2349 270 2409 et
291 2347 354 2410 aut
372 2332 480 2410 nulio
506 2347 569 2410 aut
593 2334 731 2430 exiguo
754 2331 991 2406 humanitatis
1009 2332 1147 2409 culto
1138 2354 1207 2417 tm·

126 2433 346 2537 batorum,
362 2449 411 2527 ita
438 2464 476 2526 vt
496 2469 515 2525 a
537 2446 720 2533 ferarum
710 2448 936 2523 immanitate
963 2447 1129 2530 nonduin
1159 2447 1206 2523 ad
1281 2476 1286 2487 ·

138 2567 302 2642 mitiores
333 2562 453 2645 sensus
486 2559 658 2661 progreffi
690 2561 802 2639 sant.
836 2557 894 2638 Ira
909 2558 972 2635 iiii
1002 2574 1040 2639 et
1065 2560 1208 2639 feritate
1340 2611 1342 2620 ·

138 2678 304 2779 belluina
327 2678 499 2754 stimulati
515 2700 611 2755 arma
628 2676 823 2752 sumunt
801 2698 847 2752 eo
868 2674 1041 2763 confilio,
1072 2691 1111 2753 vt
1129 2701 1207 2753 noo
1280 2706 1291 2732 ι
1343 2665 1347 2683 ’

138 2794 236 2869 viiio
254 2810 291 2867 et
312 2788 527 2890 subiugato‚
558 2790 618 2867 sed
637 2788 759 2867 exciso
776 2805 814 2865 et
829 2790 955 2867 deleto
975 2790 1078 2869 hoste
1096 2791 1210 2869 vitto·

137 2930 196 2985 res
219 2906 379 2983 redeant.
417 2902 598 2996 Caedium
620 2917 658 2981 et
674 2893 904 3008 ¹cruciatuum
929 2905 1114 3003 adipatiue
1137 2927 1210 3004 pro

134 3020 411 3119 obleetamento
436 3020 504 3112 est;
547 3022 586 3097 in
613 3018 771 3115 aliorum
804 3020 999 3097 doloribus
1030 3020 1209 3115 cogitatio

135 3136 186 3214 de
216 3158 283 3223 eo,
323 3140 436 3234 quem
466 3134 613 3223 sensnmx
637 3133 780 3211 doloris
804 3133 927 3225 fimitis
959 3128 1023 3229 ipfi
1049 3132 1211 3209 habituri

133 3250 222 3339 fint,
240 3248 359 3331 nullm
388 3252 595 3336 tormentis,
612 3270 706 3345 quae
722 3236 1007 3329 aliis‘adhibent
1028 3244 1208 3323 exultant.

133 3364 247 3445 Adeo
266 3366 418 3441 rationis
435 3361 515 3437 vsus
541 3376 578 3436 et
594 3359 830 3436 humanitatis
858 3356 976 3435 sensus
997 3359 1123 3435 nuilus
1150 3361 1213 3449 est.

133 3477 207 3556 nifi
224 3479 454 3557 institutione
473 3475 688 3551 etdossrina
707 3471 863 3581 igniculi
887 3472 1041 3549 latentes
1063 3474 1215 3577 exrcitati

130 3593 289 3677 fuerint.
361 3588 617 3683 Quamobrem
643 3588 792 3685 agmine
820 3586 1028 3691 edutioita
1055 3590 1217 3692 quisque

132 3710 176 3783 in
198 3728 365 3807 pugnam
386 3703 564 3803 procedit;
592 3713 632 3776 vt
644 3716 708 3777 aut
725 3700 866 3776 hostem
886 3701 950 3775 iile
971 3702 1130 3801 iugulat,
1153 3715 1218 3779 aut

109 3820 216 3919 'ipse
234 3820 446 3918 iuguletur.
476 3832 560 3905 aut,
589 3814 612 3893 fi
635 3816 673 3891 in
692 3814 852 3891 hostiurn
874 3816 1087 3915 potestatem
1109 3838 1220 3893 vene

130 3942 208 4021 rit,
242 3938 339 4010 inter
354 3946 536 4009 tormenta
562 3929 729 4028 exspiret.
790 3929 983 4005 Accedunt
1001 3930 1090 4018 alia,
1121 3951 1218 4027 quae

130 4048 326 4129 feritatem
343 4045 566 4147 exasperent.
600 4042 777 4149 Habitant
791 4043 925 4143 populi
939 4042 994 4121 isti
1010 4064 1076 4145 per
1092 4042 1220 4143 stirpen

179 4178 303 4261 thnir'
315 4170 519 4263 opascnern.
530 4178 598 4245 Vol.
610 4176 670 4245 IV.
826 4153 862 4233 G
871 4179 899 4256 g
1182 4171 1221 4235 et
1241 4260 1247 4271 Ο
