<?xml version="1.0" encoding="UTF-8"?>
<!DOCTYPE html PUBLIC "-//W3C//DTD XHTML 1.0 Transitional//EN"
    "http://www.w3.org/TR/xhtml1/DTD/xhtml1-transitional.dtd">
<html xmlns="http://www.w3.org/1999/xhtml" xml:lang="en" lang="en">
 <head>
  <title>
</title>
<meta http-equiv="Content-Type" content="text/html;charset=utf-8" />
  <meta name='ocr-system' content='tesseract 3.04.00' />
  <meta name='ocr-capabilities' content='ocr_page ocr_carea ocr_par ocr_line ocrx_word'/>
</head>
<body>
  <div class='ocr_page' id='page_1' title='image "./opvscvlaacademi00heyngoog/opvscvlaacademi00heyngoog_0146.png"; bbox 0 0 2967 4950; ppageno 0'>
   <div class='ocr_carea' id='block_1_1' title="bbox 282 422 1212 591">
    <p class='ocr_par' dir='ltr' id='par_1_1' title="bbox 282 422 1212 591">
     <span class='ocr_line' id='line_1_1' title="bbox 282 422 1212 591; baseline 0.018 -39"><span class='ocrx_word' id='word_1_1' title='bbox 282 477 321 553; x_wconf 84' lang='lat' dir='ltr'>ct</span> <span class='ocrx_word' id='word_1_2' title='bbox 338 460 600 555; x_wconf 85' lang='lat' dir='ltr'>Romanorum</span> <span class='ocrx_word' id='word_1_3' title='bbox 623 422 888 579; x_wconf 55' lang='lat' dir='ltr'>manuductio</span> <span class='ocrx_word' id='word_1_4' title='bbox 903 461 1069 584; x_wconf 74' lang='lat' dir='ltr'>fuerint.</span> <span class='ocrx_word' id='word_1_5' title='bbox 1130 498 1212 591; x_wconf 83' lang='lat'>129</span> 
     </span>
    </p>
   </div>
   <div class='ocr_carea' id='block_1_2' title="bbox 129 668 1256 1458">
    <p class='ocr_par' dir='ltr' id='par_1_2' title="bbox 129 668 1256 1458">
     <span class='ocr_line' id='line_1_2' title="bbox 140 668 1209 769; baseline 0.011 -21"><span class='ocrx_word' id='word_1_6' title='bbox 140 668 316 749; x_wconf 81' lang='lat' dir='ltr'>colerent.</span> <span class='ocrx_word' id='word_1_7' title='bbox 377 670 575 747; x_wconf 88' lang='lat' dir='ltr'>Seruorum</span> <span class='ocrx_word' id='word_1_8' title='bbox 599 672 723 769; x_wconf 83' lang='lat' dir='ltr'>itaque</span> <span class='ocrx_word' id='word_1_9' title='bbox 736 672 899 751; x_wconf 74' lang='lat' dir='ltr'>familiae</span> <span class='ocrx_word' id='word_1_10' title='bbox 917 676 1146 757; x_wconf 78' lang='lat' dir='ltr'>habebantur</span> <span class='ocrx_word' id='word_1_11' title='bbox 1168 686 1209 762; x_wconf 89' lang='lat' dir='ltr'>in</span> 
     </span>
     <span class='ocr_line' id='line_1_3' title="bbox 133 767 1256 887; baseline 0.009 -31"><span class='ocrx_word' id='word_1_12' title='bbox 133 785 251 879; x_wconf 85' lang='lat' dir='ltr'>agris,</span> <span class='ocrx_word' id='word_1_13' title='bbox 268 767 429 881; x_wconf 41' lang='lat' dir='ltr'>vde-fuga</span> <span class='ocrx_word' id='word_1_14' title='bbox 444 782 590 882; x_wconf 75' lang='lat' dir='ltr'>inspecti</span> <span class='ocrx_word' id='word_1_15' title='bbox 611 790 854 887; x_wconf 85' lang='lat' dir='ltr'>compedibus</span> <span class='ocrx_word' id='word_1_16' title='bbox 874 779 1003 885; x_wconf 59' lang='lat' dir='ltr'>&#39;vitrii-i}</span> <span class='ocrx_word' id='word_1_17' title='bbox 1022 798 1211 887; x_wconf 63' lang='lat' dir='ltr'>ceierieo.</span> <span class='ocrx_word' id='word_1_18' title='bbox 1252 812 1256 830; x_wconf 91' lang='grc'>·</span> 
     </span>
     <span class='ocr_line' id='line_1_4' title="bbox 132 895 1210 997; baseline 0.007 -26"><span class='ocrx_word' id='word_1_19' title='bbox 132 896 223 973; x_wconf 83' lang='lat' dir='ltr'>dem</span> <span class='ocrx_word' id='word_1_20' title='bbox 244 895 319 973; x_wconf 88' lang='lat' dir='ltr'>fere</span> <span class='ocrx_word' id='word_1_21' title='bbox 336 897 423 975; x_wconf 90' lang='lat' dir='ltr'>luco</span> <span class='ocrx_word' id='word_1_22' title='bbox 438 920 516 997; x_wconf 88' lang='lat' dir='ltr'>quo</span> <span class='ocrx_word' id='word_1_23' title='bbox 536 895 612 979; x_wconf 78' lang='lat' dir='ltr'>iiiii</span> <span class='ocrx_word' id='word_1_24' title='bbox 631 899 796 977; x_wconf 75' lang='lat' dir='ltr'><strong>familias.</strong></span> <span class='ocrx_word' id='word_1_25' title='bbox 822 970 826 979; x_wconf 83' lang='lat'>.</span> <span class='ocrx_word' id='word_1_26' title='bbox 865 898 960 979; x_wconf 85' lang='lat' dir='ltr'>Cum</span> <span class='ocrx_word' id='word_1_27' title='bbox 985 912 1108 983; x_wconf 81' lang='lat' dir='ltr'>omnis</span> <span class='ocrx_word' id='word_1_28' title='bbox 1133 911 1210 987; x_wconf 80' lang='lat' dir='ltr'>for&#39;.</span> 
     </span>
     <span class='ocr_line' id='line_1_5' title="bbox 132 1000 1226 1120; baseline 0.018 -36"><span class='ocrx_word' id='word_1_29' title='bbox 132 1000 283 1087; x_wconf 74' lang='lat' dir='ltr'>tunaac</span> <span class='ocrx_word' id='word_1_30' title='bbox 305 1032 362 1087; x_wconf 84' lang='lat' dir='ltr'>res</span> <span class='ocrx_word' id='word_1_31' title='bbox 383 1009 569 1087; x_wconf 84' lang='lat' dir='ltr'>familiaris</span> <span class='ocrx_word' id='word_1_32' title='bbox 590 1012 628 1085; x_wconf 90' lang='lat' dir='ltr'>in</span> <span class='ocrx_word' id='word_1_33' title='bbox 654 1011 792 1102; x_wconf 83' lang='lat' dir='ltr'>iimdo,</span> <span class='ocrx_word' id='word_1_34' title='bbox 832 1016 969 1094; x_wconf 84' lang='lat' dir='ltr'>familia</span> <span class='ocrx_word' id='word_1_35' title='bbox 992 1035 1030 1096; x_wconf 90' lang='lat' dir='ltr'>et</span> <span class='ocrx_word' id='word_1_36' title='bbox 1055 1027 1226 1120; x_wconf 63' lang='lat' dir='ltr'>pecudi-¹</span> 
     </span>
     <span class='ocr_line' id='line_1_6' title="bbox 133 1122 1209 1237; baseline 0.007 -38"><span class='ocrx_word' id='word_1_37' title='bbox 133 1124 227 1216; x_wconf 81' lang='lat' dir='ltr'>bun,</span> <span class='ocrx_word' id='word_1_38' title='bbox 259 1122 373 1221; x_wconf 80' lang='lat' dir='ltr'>polita</span> <span class='ocrx_word' id='word_1_39' title='bbox 390 1122 496 1211; x_wconf 85' lang='lat' dir='ltr'>ellat,</span> <span class='ocrx_word' id='word_1_40' title='bbox 522 1148 630 1206; x_wconf 75' lang='lat' dir='ltr'>aarum</span> <span class='ocrx_word' id='word_1_41' title='bbox 648 1126 734 1203; x_wconf 85' lang='lat' dir='ltr'>hinc</span> <span class='ocrx_word' id='word_1_42' title='bbox 759 1135 899 1227; x_wconf 76' lang='lat' dir='ltr'><em>mancipi</em></span> <span class='ocrx_word' id='word_1_43' title='bbox 922 1146 1048 1211; x_wconf 83' lang='lat' dir='ltr'>natura</span> <span class='ocrx_word' id='word_1_44' title='bbox 1074 1151 1112 1213; x_wconf 89' lang='lat' dir='ltr'>et</span> <span class='ocrx_word' id='word_1_45' title='bbox 1136 1138 1209 1237; x_wconf 74' lang='lat' dir='ltr'>&#39;cir-</span> 
     </span>
     <span class='ocr_line' id='line_1_7' title="bbox 131 1236 1207 1352; baseline 0.019 -41"><span class='ocrx_word' id='word_1_46' title='bbox 131 1236 373 1334; x_wconf 81' lang='lat' dir='ltr'>cumscriptio</span> <span class='ocrx_word' id='word_1_47' title='bbox 391 1238 578 1335; x_wconf 77' lang='lat' dir='ltr'><strong>originem</strong></span> <span class='ocrx_word' id='word_1_48' title='bbox 591 1238 738 1313; x_wconf 78' lang='lat' dir='ltr'>habuit.¹</span> <span class='ocrx_word' id='word_1_49' title='bbox 791 1239 976 1323; x_wconf 81' lang='lat' dir='ltr'>Familiam</span> <span class='ocrx_word' id='word_1_50' title='bbox 994 1249 1093 1327; x_wconf 89' lang='lat' dir='ltr'>bello</span> <span class='ocrx_word' id='word_1_51' title='bbox 1109 1256 1207 1352; x_wconf 86' lang='lat' dir='ltr'>capti</span> 
     </span>
     <span class='ocr_line' id='line_1_8' title="bbox 129 1348 1204 1458; baseline 0.017 -31"><span class='ocrx_word' id='word_1_52' title='bbox 129 1351 429 1440; x_wconf 81' lang='lat' dir='ltr'>constituebant3</span> <span class='ocrx_word' id='word_1_53' title='bbox 452 1370 575 1447; x_wconf 78' lang='lat' dir='ltr'>eoque</span> <span class='ocrx_word' id='word_1_54' title='bbox 589 1348 794 1449; x_wconf 81' lang='lat' dir='ltr'>iilapotior</span> <span class='ocrx_word' id='word_1_55' title='bbox 810 1356 962 1453; x_wconf 80' lang='lat' dir='ltr'>praedae</span> <span class='ocrx_word' id='word_1_56' title='bbox 974 1382 1057 1458; x_wconf 84' lang='lat' dir='ltr'>parc</span> <span class='ocrx_word' id='word_1_57' title='bbox 1070 1363 1204 1445; x_wconf 83' lang='lat' dir='ltr'>habita.</span> 
     </span>
    </p>
   </div>
   <div class='ocr_carea' id='block_1_3' title="bbox 128 1570 1310 4416">
    <p class='ocr_par' dir='ltr' id='par_1_3' title="bbox 128 1570 1310 4285">
     <span class='ocr_line' id='line_1_9' title="bbox 162 1570 1205 1671; baseline 0.012 -24"><span class='ocrx_word' id='word_1_58' title='bbox 162 1608 179 1619; x_wconf 77' lang='lat'><em>-</em></span> <span class='ocrx_word' id='word_1_59' title='bbox 251 1571 442 1666; x_wconf 76' lang='lat' dir='ltr'>Quamdiu</span> <span class='ocrx_word' id='word_1_60' title='bbox 462 1570 563 1651; x_wconf 86' lang='lat' dir='ltr'>ltalia</span> <span class='ocrx_word' id='word_1_61' title='bbox 586 1572 764 1659; x_wconf 78' lang='lat' dir='ltr'>debellata</span> <span class='ocrx_word' id='word_1_62' title='bbox 788 1580 856 1667; x_wconf 82' lang='lat' dir='ltr'>est,</span> <span class='ocrx_word' id='word_1_63' title='bbox 891 1580 1043 1662; x_wconf 88' lang='lat' dir='ltr'>fortium</span> <span class='ocrx_word' id='word_1_64' title='bbox 1063 1602 1100 1665; x_wconf 89' lang='lat' dir='ltr'>et</span> <span class='ocrx_word' id='word_1_65' title='bbox 1116 1592 1205 1671; x_wconf 81' lang='lat' dir='ltr'>vali.</span> 
     </span>
     <span class='ocr_line' id='line_1_10' title="bbox 128 1686 1205 1798; baseline 0.019 -33"><span class='ocrx_word' id='word_1_66' title='bbox 128 1686 269 1765; x_wconf 86' lang='lat' dir='ltr'>dorum</span> <span class='ocrx_word' id='word_1_67' title='bbox 282 1689 618 1785; x_wconf 83' lang='lat' dir='ltr'>&#39;corporumcopia</span> <span class='ocrx_word' id='word_1_68' title='bbox 641 1687 739 1766; x_wconf 86' lang='lat' dir='ltr'>haud</span> <span class='ocrx_word' id='word_1_69' title='bbox 758 1692 885 1798; x_wconf 82' lang='lat' dir='ltr'>defuit.</span> <span class='ocrx_word' id='word_1_70' title='bbox 931 1696 1092 1791; x_wconf 84' lang='lat' dir='ltr'><strong>Quoties</strong></span> <span class='ocrx_word' id='word_1_71' title='bbox 1109 1708 1205 1786; x_wconf 82' lang='lat' dir='ltr'>inter</span> 
     </span>
     <span class='ocr_line' id='line_1_11' title="bbox 128 1798 1203 1919; baseline 0.018 -41"><span class='ocrx_word' id='word_1_72' title='bbox 128 1803 220 1879; x_wconf 86' lang='lat' dir='ltr'>haec</span> <span class='ocrx_word' id='word_1_73' title='bbox 241 1799 361 1878; x_wconf 89' lang='lat' dir='ltr'>caium</span> <span class='ocrx_word' id='word_1_74' title='bbox 382 1802 433 1909; x_wconf 86' lang='lat' dir='ltr'>ita</span> <span class='ocrx_word' id='word_1_75' title='bbox 451 1798 578 1879; x_wconf 82' lang='lat' dir='ltr'>tuliile</span> <span class='ocrx_word' id='word_1_76' title='bbox 590 1805 818 1898; x_wconf 11' lang='lat' dir='ltr'>putapbinr&#39;uc3</span> <span class='ocrx_word' id='word_1_77' title='bbox 851 1822 898 1883; x_wconf 75' lang='lat' dir='ltr'>ut</span> <span class='ocrx_word' id='word_1_78' title='bbox 912 1810 1103 1906; x_wconf 87' lang='lat' dir='ltr'>homines,</span> <span class='ocrx_word' id='word_1_79' title='bbox 1136 1823 1203 1919; x_wconf 90' lang='lat' dir='ltr'>qui</span> 
     </span>
     <span class='ocr_line' id='line_1_12' title="bbox 130 1912 1204 2033; baseline 0.013 -42"><span class='ocrx_word' id='word_1_80' title='bbox 130 1914 193 2014; x_wconf 82' lang='lat' dir='ltr'>ipit</span> <span class='ocrx_word' id='word_1_81' title='bbox 213 1926 334 2012; x_wconf 88' lang='lat' dir='ltr'>patres</span> <span class='ocrx_word' id='word_1_82' title='bbox 354 1912 504 2024; x_wconf 83' lang='lat' dir='ltr'>familias</span> <span class='ocrx_word' id='word_1_83' title='bbox 521 1913 603 1990; x_wconf 90' lang='lat' dir='ltr'>iuos</span> <span class='ocrx_word' id='word_1_84' title='bbox 618 1918 844 2013; x_wconf 81' lang='lat' dir='ltr'>agros&#39;dorni</span> <span class='ocrx_word' id='word_1_85' title='bbox 869 1923 1078 2021; x_wconf 83' lang='lat' dir='ltr'>coluerant,</span> <span class='ocrx_word' id='word_1_86' title='bbox 1103 1939 1204 2033; x_wconf 82' lang='lat' dir='ltr'>capti</span> 
     </span>
     <span class='ocr_line' id='line_1_13' title="bbox 132 2020 1274 2125; baseline 0.011 -20"><span class='ocrx_word' id='word_1_87' title='bbox 132 2020 236 2105; x_wconf 88' lang='lat' dir='ltr'>bello</span> <span class='ocrx_word' id='word_1_88' title='bbox 253 2028 561 2125; x_wconf 77' lang='lat' dir='ltr'>alienum&#39;agrum</span> <span class='ocrx_word' id='word_1_89' title='bbox 582 2029 766 2105; x_wconf 81' lang='lat' dir='ltr'>colerent!</span> <span class='ocrx_word' id='word_1_90' title='bbox 803 2030 1004 2115; x_wconf 88' lang='lat' dir='ltr'>Enimuero</span> <span class='ocrx_word' id='word_1_91' title='bbox 1029 2043 1205 2121; x_wconf 83' lang='lat' dir='ltr'>deiicien·</span> <span class='ocrx_word' id='word_1_92' title='bbox 1268 2102 1274 2118; x_wconf 85' lang='lat'>.</span> 
     </span>
     <span class='ocr_line' id='line_1_14' title="bbox 129 2140 1203 2253; baseline 0.015 -36"><span class='ocrx_word' id='word_1_93' title='bbox 129 2144 227 2219; x_wconf 88' lang='lat' dir='ltr'>tibus</span> <span class='ocrx_word' id='word_1_94' title='bbox 249 2140 712 2241; x_wconf 80' lang='lat' dir='ltr'>his,-etpatrumfdmilias</span> <span class='ocrx_word' id='word_1_95' title='bbox 727 2168 815 2221; x_wconf 87' lang='lat' dir='ltr'>cura</span> <span class='ocrx_word' id='word_1_96' title='bbox 831 2162 868 2222; x_wconf 90' lang='lat' dir='ltr'>et</span> <span class='ocrx_word' id='word_1_97' title='bbox 895 2171 1005 2248; x_wconf 85' lang='lat' dir='ltr'>opera</span> <span class='ocrx_word' id='word_1_98' title='bbox 1029 2157 1075 2243; x_wconf 82' lang='lat' dir='ltr'>ab</span> <span class='ocrx_word' id='word_1_99' title='bbox 1104 2162 1203 2253; x_wconf 81' lang='lat' dir='ltr'>agric</span> 
     </span>
     <span class='ocr_line' id='line_1_15' title="bbox 130 2254 1202 2368; baseline 0.014 -37"><span class='ocrx_word' id='word_1_100' title='bbox 130 2256 172 2331; x_wconf 84' lang='lat' dir='ltr'>ad</span> <span class='ocrx_word' id='word_1_101' title='bbox 196 2254 270 2331; x_wconf 87' lang='lat' dir='ltr'>alia</span> <span class='ocrx_word' id='word_1_102' title='bbox 287 2257 459 2343; x_wconf 83' lang='lat' dir='ltr'>auocata,</span> <span class='ocrx_word' id='word_1_103' title='bbox 490 2278 664 2351; x_wconf 86' lang='lat' dir='ltr'>agrorum</span> <span class='ocrx_word' id='word_1_104' title='bbox 689 2254 851 2342; x_wconf 82' lang='lat' dir='ltr'>cultum,</span> <span class='ocrx_word' id='word_1_105' title='bbox 896 2277 936 2335; x_wconf 92' lang='lat' dir='ltr'>vt</span> <span class='ocrx_word' id='word_1_106' title='bbox 961 2264 1046 2339; x_wconf 86' lang='lat' dir='ltr'>alias</span> <span class='ocrx_word' id='word_1_107' title='bbox 1066 2266 1202 2368; x_wconf 79' lang='lat' dir='ltr'>cauilae</span> 
     </span>
     <span class='ocr_line' id='line_1_16' title="bbox 132 2368 1203 2476; baseline 0.004 -31"><span class='ocrx_word' id='word_1_108' title='bbox 132 2371 481 2473; x_wconf 75' lang='lat' dir='ltr'>praetermittamus,</span> <span class='ocrx_word' id='word_1_109' title='bbox 519 2390 698 2449; x_wconf 84' lang='lat' dir='ltr'>manuum</span> <span class='ocrx_word' id='word_1_110' title='bbox 720 2368 938 2461; x_wconf 83' lang='lat' dir='ltr'>idonearum</span> <span class='ocrx_word' id='word_1_111' title='bbox 963 2376 1089 2476; x_wconf 84' lang='lat' dir='ltr'>inopia</span> <span class='ocrx_word' id='word_1_112' title='bbox 1112 2380 1203 2473; x_wconf 82' lang='lat' dir='ltr'>deii.</span> 
     </span>
     <span class='ocr_line' id='line_1_17' title="bbox 131 2476 1234 2580; baseline 0.011 -20"><span class='ocrx_word' id='word_1_113' title='bbox 131 2507 209 2560; x_wconf 89' lang='lat' dir='ltr'>cere</span> <span class='ocrx_word' id='word_1_114' title='bbox 233 2483 372 2560; x_wconf 86' lang='lat' dir='ltr'>debuit.</span> <span class='ocrx_word' id='word_1_115' title='bbox 432 2480 480 2558; x_wconf 82' lang='lat' dir='ltr'>At</span> <span class='ocrx_word' id='word_1_116' title='bbox 496 2476 688 2580; x_wconf 71' lang='lat' dir='ltr'>lucceilere</span> <span class='ocrx_word' id='word_1_117' title='bbox 709 2480 804 2557; x_wconf 86' lang='lat' dir='ltr'>bella</span> <span class='ocrx_word' id='word_1_118' title='bbox 826 2507 911 2570; x_wconf 83' lang='lat' dir='ltr'>oum</span> <span class='ocrx_word' id='word_1_119' title='bbox 928 2484 1076 2568; x_wconf 76' lang='lat' dir='ltr'>Gt‘aecis</span> <span class='ocrx_word' id='word_1_120' title='bbox 1098 2496 1203 2572; x_wconf 84' lang='lat' dir='ltr'>colo·</span> <span class='ocrx_word' id='word_1_121' title='bbox 1228 2491 1234 2516; x_wconf 73' lang='lat'>⁸</span> 
     </span>
     <span class='ocr_line' id='line_1_18' title="bbox 131 2591 1204 2694; baseline 0.017 -23"><span class='ocrx_word' id='word_1_122' title='bbox 131 2599 196 2674; x_wconf 88' lang='lat' dir='ltr'>niis</span> <span class='ocrx_word' id='word_1_123' title='bbox 224 2600 266 2672; x_wconf 90' lang='lat' dir='ltr'>in</span> <span class='ocrx_word' id='word_1_124' title='bbox 292 2595 430 2694; x_wconf 85' lang='lat' dir='ltr'>Magna</span> <span class='ocrx_word' id='word_1_125' title='bbox 457 2591 629 2682; x_wconf 87' lang='lat' dir='ltr'>Graecia,</span> <span class='ocrx_word' id='word_1_126' title='bbox 675 2599 817 2674; x_wconf 81' lang='lat' dir='ltr'>tamin</span> <span class='ocrx_word' id='word_1_127' title='bbox 845 2597 975 2679; x_wconf 83' lang='lat' dir='ltr'>Sicilia.</span> <span class='ocrx_word' id='word_1_128' title='bbox 1043 2604 1204 2690; x_wconf 75' lang='lat' dir='ltr'>Abdulli·</span> 
     </span>
     <span class='ocr_line' id='line_1_19' title="bbox 131 2705 1202 2815; baseline 0.015 -30"><span class='ocrx_word' id='word_1_129' title='bbox 131 2709 209 2786; x_wconf 82' lang='lat' dir='ltr'>iurat</span> <span class='ocrx_word' id='word_1_130' title='bbox 231 2709 391 2789; x_wconf 82' lang='lat' dir='ltr'>Romam</span> <span class='ocrx_word' id='word_1_131' title='bbox 409 2709 579 2800; x_wconf 82' lang='lat' dir='ltr'>homiues</span> <span class='ocrx_word' id='word_1_132' title='bbox 596 2709 690 2786; x_wconf 87' lang='lat' dir='ltr'>inter</span> <span class='ocrx_word' id='word_1_133' title='bbox 705 2705 787 2785; x_wconf 76' lang='lat' dir='ltr'>ficos</span> <span class='ocrx_word' id='word_1_134' title='bbox 805 2713 1004 2811; x_wconf 89' lang='lat' dir='ltr'>conspicuo</span> <span class='ocrx_word' id='word_1_135' title='bbox 1020 2717 1107 2798; x_wconf 91' lang='lat' dir='ltr'>loco</span> <span class='ocrx_word' id='word_1_136' title='bbox 1124 2725 1202 2815; x_wconf 82' lang='lat' dir='ltr'>nati</span> 
     </span>
     <span class='ocr_line' id='line_1_20' title="bbox 133 2819 1203 2927; baseline 0.011 -29"><span class='ocrx_word' id='word_1_137' title='bbox 133 2840 165 2898; x_wconf 92' lang='lat' dir='ltr'>et</span> <span class='ocrx_word' id='word_1_138' title='bbox 181 2827 322 2910; x_wconf 83' lang='lat' dir='ltr'>artibus</span> <span class='ocrx_word' id='word_1_139' title='bbox 340 2822 575 2902; x_wconf 85' lang='lat' dir='ltr'>Graecanicis·</span> <span class='ocrx_word' id='word_1_140' title='bbox 588 2821 753 2897; x_wconf 80' lang='lat' dir='ltr'>instituti.-</span> <span class='ocrx_word' id='word_1_141' title='bbox 779 2819 861 2902; x_wconf 82' lang='lat' dir='ltr'>Fuit</span> <span class='ocrx_word' id='word_1_142' title='bbox 879 2827 970 2927; x_wconf 12' lang='lat' dir='ltr'>hoel,</span> <span class='ocrx_word' id='word_1_143' title='bbox 992 2834 1053 2909; x_wconf 86' lang='lat' dir='ltr'>etfi</span> <span class='ocrx_word' id='word_1_144' title='bbox 1074 2836 1203 2914; x_wconf 85' lang='lat' dir='ltr'>huma.</span> 
     </span>
     <span class='ocr_line' id='line_1_21' title="bbox 136 2935 1252 3037; baseline 0.013 -25"><span class='ocrx_word' id='word_1_145' title='bbox 136 2939 239 3014; x_wconf 89' lang='lat' dir='ltr'>nitati</span> <span class='ocrx_word' id='word_1_146' title='bbox 255 2937 520 3037; x_wconf 84' lang='lat' dir='ltr'>perniciosum,</span> <span class='ocrx_word' id='word_1_147' title='bbox 545 2935 756 3035; x_wconf 82' lang='lat' dir='ltr'>disciplinae</span> <span class='ocrx_word' id='word_1_148' title='bbox 772 2946 889 3031; x_wconf 82' lang='lat' dir='ltr'>tamen</span> <span class='ocrx_word' id='word_1_149' title='bbox 906 2957 945 3019; x_wconf 91' lang='lat' dir='ltr'>et</span> <span class='ocrx_word' id='word_1_150' title='bbox 959 2945 1199 3026; x_wconf 78' lang='lat' dir='ltr'>institutionis</span> <span class='ocrx_word' id='word_1_151' title='bbox 1249 2970 1252 2983; x_wconf 93' lang='grc'><em>·</em></span> 
     </span>
     <span class='ocr_line' id='line_1_22' title="bbox 134 3048 1237 3160; baseline 0.009 -32"><span class='ocrx_word' id='word_1_152' title='bbox 134 3075 269 3150; x_wconf 85' lang='lat' dir='ltr'>genus.</span> <span class='ocrx_word' id='word_1_153' title='bbox 302 3073 380 3148; x_wconf 90' lang='lat' dir='ltr'>quo</span> <span class='ocrx_word' id='word_1_154' title='bbox 400 3048 560 3140; x_wconf 85' lang='lat' dir='ltr'>Romani</span> <span class='ocrx_word' id='word_1_155' title='bbox 589 3070 654 3148; x_wconf 84' lang='lat' dir='ltr'>per</span> <span class='ocrx_word' id='word_1_156' title='bbox 673 3050 902 3148; x_wconf 81' lang='lat' dir='ltr'>captiuorum</span> <span class='ocrx_word' id='word_1_157' title='bbox 923 3072 1017 3139; x_wconf 83' lang='lat' dir='ltr'>artes</span> <span class='ocrx_word' id='word_1_158' title='bbox 1038 3073 1076 3136; x_wconf 92' lang='lat' dir='ltr'>et</span> <span class='ocrx_word' id='word_1_159' title='bbox 1093 3065 1200 3160; x_wconf 78' lang='lat' dir='ltr'>inge·</span> <span class='ocrx_word' id='word_1_160' title='bbox 1234 3055 1237 3060; x_wconf 70' lang='grc'><strong>’</strong></span> 
     </span>
     <span class='ocr_line' id='line_1_23' title="bbox 134 3161 1198 3264; baseline 0.007 -25"><span class='ocrx_word' id='word_1_161' title='bbox 134 3164 254 3242; x_wconf 84' lang='lat' dir='ltr'>niaad</span> <span class='ocrx_word' id='word_1_162' title='bbox 273 3163 464 3240; x_wconf 80' lang='lat' dir='ltr'>meliorem</span> <span class='ocrx_word' id='word_1_163' title='bbox 484 3165 577 3239; x_wconf 84' lang='lat' dir='ltr'>vitae</span> <span class='ocrx_word' id='word_1_164' title='bbox 600 3161 780 3256; x_wconf 84' lang='lat' dir='ltr'>cultuma</span> <span class='ocrx_word' id='word_1_165' title='bbox 805 3163 942 3264; x_wconf 78' lang='lat' dir='ltr'>feritate</span> <span class='ocrx_word' id='word_1_166' title='bbox 957 3185 1002 3248; x_wconf 81' lang='lat' dir='ltr'>et</span> <span class='ocrx_word' id='word_1_167' title='bbox 1033 3173 1198 3250; x_wconf 81' lang='lat' dir='ltr'>barbarie</span> 
     </span>
     <span class='ocr_line' id='line_1_24' title="bbox 134 3266 1218 3378; baseline 0.006 -24"><span class='ocrx_word' id='word_1_168' title='bbox 134 3280 412 3357; x_wconf 83' lang='lat' dir='ltr'>adducerentur.</span> <span class='ocrx_word' id='word_1_169' title='bbox 473 3274 565 3354; x_wconf 90' lang='lat' dir='ltr'>lnde</span> <span class='ocrx_word' id='word_1_170' title='bbox 583 3276 688 3352; x_wconf 90' lang='lat' dir='ltr'>bellis</span> <span class='ocrx_word' id='word_1_171' title='bbox 703 3266 793 3354; x_wconf 83' lang='lat' dir='ltr'>u&#39;um</span> <span class='ocrx_word' id='word_1_172' title='bbox 817 3273 944 3356; x_wconf 64' lang='lat' dir='ltr'>Poenis</span> <span class='ocrx_word' id='word_1_173' title='bbox 961 3283 1068 3378; x_wconf 83' lang='lat' dir='ltr'>gellis</span> <span class='ocrx_word' id='word_1_174' title='bbox 1085 3301 1122 3359; x_wconf 87' lang='lat' dir='ltr'>et</span> <span class='ocrx_word' id='word_1_175' title='bbox 1137 3309 1218 3362; x_wconf 81' lang='lat' dir='ltr'>ex··</span> 
     </span>
     <span class='ocr_line' id='line_1_25' title="bbox 134 3386 1310 3488; baseline 0.006 -20"><span class='ocrx_word' id='word_1_176' title='bbox 134 3391 200 3469; x_wconf 88' lang='lat' dir='ltr'>ciia</span> <span class='ocrx_word' id='word_1_177' title='bbox 217 3391 369 3467; x_wconf 85' lang='lat' dir='ltr'>tandem</span> <span class='ocrx_word' id='word_1_178' title='bbox 395 3387 616 3488; x_wconf 83' lang='lat' dir='ltr'>Carthagine</span> <span class='ocrx_word' id='word_1_179' title='bbox 640 3405 780 3488; x_wconf 85' lang='lat' dir='ltr'>quantu</span> <span class='ocrx_word' id='word_1_180' title='bbox 798 3386 1009 3479; x_wconf 82' lang='lat' dir='ltr'>Poenonum</span> <span class='ocrx_word' id='word_1_181' title='bbox 1032 3408 1069 3481; x_wconf 85' lang='lat' dir='ltr'>¹et</span> <span class='ocrx_word' id='word_1_182' title='bbox 1093 3397 1199 3474; x_wconf 82' lang='lat' dir='ltr'>iliro·</span> <span class='ocrx_word' id='word_1_183' title='bbox 1302 3389 1310 3404; x_wconf 84' lang='lat'>&#39;</span> 
     </span>
     <span class='ocr_line' id='line_1_26' title="bbox 134 3491 1202 3613; baseline 0.006 -33"><span class='ocrx_word' id='word_1_184' title='bbox 134 3527 215 3584; x_wconf 89' lang='lat' dir='ltr'>rum</span> <span class='ocrx_word' id='word_1_185' title='bbox 234 3505 382 3604; x_wconf 84' lang='lat' dir='ltr'>agmina</span> <span class='ocrx_word' id='word_1_186' title='bbox 399 3527 465 3604; x_wconf 90' lang='lat' dir='ltr'>per</span> <span class='ocrx_word' id='word_1_187' title='bbox 481 3491 610 3580; x_wconf 74' lang='lat' dir='ltr'>urbem</span> <span class='ocrx_word' id='word_1_188' title='bbox 628 3517 666 3580; x_wconf 91' lang='lat' dir='ltr'>et</span> <span class='ocrx_word' id='word_1_189' title='bbox 679 3502 788 3613; x_wconf 79' lang='lat' dir='ltr'>agros</span> <span class='ocrx_word' id='word_1_190' title='bbox 806 3499 920 3600; x_wconf 86' lang='lat' dir='ltr'>iparia</span> <span class='ocrx_word' id='word_1_191' title='bbox 933 3507 1077 3586; x_wconf 80' lang='lat' dir='ltr'>credere</span> <span class='ocrx_word' id='word_1_192' title='bbox 1093 3507 1202 3586; x_wconf 81' lang='lat' dir='ltr'>licei!</span> 
     </span>
     <span class='ocr_line' id='line_1_27' title="bbox 137 3613 1207 3726; baseline -0.003 -31"><span class='ocrx_word' id='word_1_193' title='bbox 137 3641 244 3718; x_wconf 83' lang='lat' dir='ltr'>quam</span> <span class='ocrx_word' id='word_1_194' title='bbox 267 3613 528 3716; x_wconf 83' lang='lat' dir='ltr'>multoa&#39;domi</span> <span class='ocrx_word' id='word_1_195' title='bbox 547 3614 750 3726; x_wconf 86' lang='lat' dir='ltr'>opulentos</span> <span class='ocrx_word' id='word_1_196' title='bbox 763 3613 1015 3726; x_wconf 55' lang='lat' dir='ltr'>acpotentem</span> <span class='ocrx_word' id='word_1_197' title='bbox 1040 3647 1142 3702; x_wconf 82' lang='lat' dir='ltr'>nunc</span> <span class='ocrx_word' id='word_1_198' title='bbox 1158 3626 1207 3706; x_wconf 70' lang='lat' dir='ltr'>in</span> 
     </span>
     <span class='ocr_line' id='line_1_28' title="bbox 135 3723 1210 3830; baseline -0.004 -22"><span class='ocrx_word' id='word_1_199' title='bbox 135 3732 289 3810; x_wconf 86' lang='lat' dir='ltr'>sordidis</span> <span class='ocrx_word' id='word_1_200' title='bbox 306 3732 511 3809; x_wconf 87' lang='lat' dir='ltr'>ministeriis</span> <span class='ocrx_word' id='word_1_201' title='bbox 527 3723 769 3806; x_wconf 81' lang='lat' dir='ltr'>dominorum</span> <span class='ocrx_word' id='word_1_202' title='bbox 787 3729 936 3805; x_wconf 83' lang='lat' dir='ltr'>iniurias</span> <span class='ocrx_word' id='word_1_203' title='bbox 963 3730 1124 3830; x_wconf 71' lang='lat' dir='ltr'>vitaeque</span> <span class='ocrx_word' id='word_1_204' title='bbox 1142 3759 1210 3813; x_wconf 76' lang='lat' dir='ltr'>ao.</span> 
     </span>
     <span class='ocr_line' id='line_1_29' title="bbox 134 3835 1212 3934; baseline -0.006 -12"><span class='ocrx_word' id='word_1_205' title='bbox 134 3845 327 3934; x_wconf 85' lang='lat' dir='ltr'>rumnoiae</span> <span class='ocrx_word' id='word_1_206' title='bbox 345 3843 523 3927; x_wconf 86' lang='lat' dir='ltr'>miseriam</span> <span class='ocrx_word' id='word_1_207' title='bbox 539 3839 758 3919; x_wconf 78' lang='lat' dir='ltr'>toleranter!</span> <span class='ocrx_word' id='word_1_208' title='bbox 789 3835 995 3919; x_wconf 85' lang='lat' dir='ltr'>Succellere</span> <span class='ocrx_word' id='word_1_209' title='bbox 1012 3843 1107 3921; x_wconf 86' lang='lat' dir='ltr'>bella</span> <span class='ocrx_word' id='word_1_210' title='bbox 1118 3864 1212 3934; x_wconf 64' lang='lat' dir='ltr'>cum</span> 
     </span>
     <span class='ocr_line' id='line_1_30' title="bbox 136 3947 1212 4054; baseline 0.008 -19"><span class='ocrx_word' id='word_1_211' title='bbox 136 3957 308 4046; x_wconf 84' lang='lat' dir='ltr'>Graecis,</span> <span class='ocrx_word' id='word_1_212' title='bbox 339 3973 418 4036; x_wconf 87' lang='lat' dir='ltr'>tum</span> <span class='ocrx_word' id='word_1_213' title='bbox 439 3947 516 4036; x_wconf 80' lang='lat' dir='ltr'>Alia</span> <span class='ocrx_word' id='word_1_214' title='bbox 533 3955 633 4054; x_wconf 72' lang='lat' dir='ltr'>villa.</span> <span class='ocrx_word' id='word_1_215' title='bbox 694 3949 817 4032; x_wconf 88' lang='lat' dir='ltr'>Multa</span> <span class='ocrx_word' id='word_1_216' title='bbox 839 3956 1079 4036; x_wconf 83' lang='lat' dir='ltr'>barbarorum</span> <span class='ocrx_word' id='word_1_217' title='bbox 1093 3969 1212 4044; x_wconf 85' lang='lat' dir='ltr'>millia</span> 
     </span>
     <span class='ocr_line' id='line_1_31' title="bbox 136 4066 1302 4181; baseline 0.008 -35"><span class='ocrx_word' id='word_1_218' title='bbox 136 4072 232 4149; x_wconf 74' lang='lat' dir='ltr'>ticio</span> <span class='ocrx_word' id='word_1_219' title='bbox 252 4071 425 4171; x_wconf 83' lang='lat' dir='ltr'>illyrico,</span> <span class='ocrx_word' id='word_1_220' title='bbox 455 4071 602 4156; x_wconf 86' lang='lat' dir='ltr'>Gallia,</span> <span class='ocrx_word' id='word_1_221' title='bbox 632 4066 822 4165; x_wconf 85' lang='lat' dir='ltr'>Hispania,</span> <span class='ocrx_word' id='word_1_222' title='bbox 854 4069 994 4160; x_wconf 69' lang='lat' dir='ltr'>Africa,</span> <span class='ocrx_word' id='word_1_223' title='bbox 1010 4071 1049 4148; x_wconf 88' lang='lat' dir='ltr'>in</span> <span class='ocrx_word' id='word_1_224' title='bbox 1068 4073 1211 4156; x_wconf 84' lang='lat' dir='ltr'>ltaliam</span> <span class='ocrx_word' id='word_1_225' title='bbox 1299 4177 1302 4181; x_wconf 6' lang='grc' dir='ltr'><em>φ</em></span> 
     </span>
     <span class='ocr_line' id='line_1_32' title="bbox 135 4183 1214 4285; baseline 0.006 -23"><span class='ocrx_word' id='word_1_226' title='bbox 135 4185 407 4285; x_wconf 70' lang='lat' dir='ltr'>immigrurunt.</span> <span class='ocrx_word' id='word_1_227' title='bbox 467 4185 634 4278; x_wconf 89' lang='lat' dir='ltr'>Quantas</span> <span class='ocrx_word' id='word_1_228' title='bbox 654 4183 885 4260; x_wconf 85' lang='lat' dir='ltr'>seruitiorum</span> <span class='ocrx_word' id='word_1_229' title='bbox 902 4183 1162 4264; x_wconf 79' lang='lat' dir='ltr'>viciffitudines</span> <span class='ocrx_word' id='word_1_230' title='bbox 1176 4203 1214 4268; x_wconf 91' lang='lat' dir='ltr'>et</span> 
     </span>
    </p>

    <p class='ocr_par' dir='ltr' id='par_1_4' title="bbox 176 4292 1212 4416">
     <span class='ocr_line' id='line_1_33' title="bbox 176 4292 1212 4416; baseline -0.005 -32"><span class='ocrx_word' id='word_1_231' title='bbox 176 4311 410 4406; x_wconf 78' lang='lat' dir='ltr'>HeyniiOpusc.</span> <span class='ocrx_word' id='word_1_232' title='bbox 425 4312 668 4405; x_wconf 26' lang='lat' dir='ltr'>aenquidi-f.</span> <span class='ocrx_word' id='word_1_233' title='bbox 717 4377 722 4388; x_wconf 89' lang='grc'>,</span> <span class='ocrx_word' id='word_1_234' title='bbox 821 4292 839 4374; x_wconf 83' lang='grc' dir='ltr'>Ῑ</span> <span class='ocrx_word' id='word_1_235' title='bbox 1012 4294 1212 4416; x_wconf 18' lang='lat' dir='ltr'>*instaura-</span> 
     </span>
    </p>
   </div>
   <div class='ocr_carea' id='block_1_4' title="bbox 837 4479 842 4515">
    <p class='ocr_par' dir='ltr' id='par_1_5' title="bbox 837 4479 842 4515">
     <span class='ocr_line' id='line_1_34' title="bbox 837 4479 842 4515; baseline 0 0"><span class='ocrx_word' id='word_1_236' title='bbox 837 4479 842 4515; x_wconf 93' lang='lat' dir='ltr'>l</span> 
     </span>
    </p>
   </div>
   <div class='ocr_carea' id='block_1_5' title="bbox 0 0 1488 4950">
    <p class='ocr_par' dir='ltr' id='par_1_6' title="bbox 0 0 1488 4950">
     <span class='ocr_line' id='line_1_35' title="bbox 0 0 1488 4950; baseline 0 0"><span class='ocrx_word' id='word_1_237' title='bbox 0 0 1488 4950; x_wconf 95' lang='lat' dir='ltr'> </span> 
     </span>
    </p>
   </div>
  </div>
 </body>
</html>
