2967 4950
604 485 822 604 Praefatia
1188 515 1257 584 vit
1351 490 1355 499 ’

105 689 405 802 ordinum,
444 715 543 778 nam
568 691 674 778 haec
693 687 921 807 'diligenter
944 685 1060 806 ipsus
1066 691 1254 783 iudicum

174 839 321 924 verbis
340 836 553 922 enuntiata
573 830 742 941 inserui,
765 852 811 920 et
826 831 1039 920 ticiorum
1056 835 1255 948 uomiua3

102 943 104 976 1
101 999 432 1136 gratumque
448 976 531 1065 etit
546 973 784 1136 aliquando,
798 975 852 1062 ad
871 975 1181 1065 recordandum
1204 979 1257 1066 iis

100 1147 101 1152 ‘
173 1119 315 1237 ipsiu,
327 1147 402 1236 qut
390 1115 600 1205 ‘'iisdem
592 1120 719 1210 anuis
737 1118 781 1204 in
802 1121 884 1206 hac
906 1119 1120 1208 academia
1143 1123 1257 1210 tiae·

172 1281 305 1370 ruut3
343 1261 713 1380 incitabunturque
736 1259 831 1369 atii,
868 1258 1020 1372 steos,
1046 1263 1120 1384 qui
1136 1289 1257 1380 prae·

173 1405 264 1492 mia
289 1401 407 1490 olim
441 1423 789 1520 reportauerant,
842 1403 1014 1491 uirtutis
1051 1401 1146 1494 suae
1179 1403 1256 1492 do·

176 1561 383 1670 dumento
419 1563 574 1655 noune,
637 1573 740 1634 mox
783 1546 875 1634 aliis
911 1545 1104 1634 laudibus
1132 1542 1258 1634 incia·

173 1657 318 1797 auide,
336 1671 481 1782 autad
502 1686 730 1802 dignitates
747 1710 792 1777 et
808 1692 996 1781 honores
1006 1685 1256 1810 perueuiffe,

175 1818 477 1944 cognouetint.
539 1830 656 1956 Quid
675 1833 813 1920 vero?
841 1832 872 1918 ii
891 1830 987 1948 ipsi,
1004 1832 1138 1949 quiin
1155 1857 1258 1920 cou-

177 1975 436 2061 certatioues
464 1970 789 2083 descenderant,
808 2019 813 2026 ·
833 1971 867 2061 st
889 1972 1045 2064 iudicia
1069 1973 1173 2062 olim
1201 1973 1258 2061 de

170 2113 361 2230 'ingeniis
391 2113 473 2202 suis
505 2113 745 2232 litterisque
768 2141 817 2203 ea
844 2134 1005 2226 aetate,
1043 2141 1126 2236 qua
1153 2115 1259 2204 tium

179 2257 296 2344 cinia.
322 2256 514 2346 nundum
543 2255 854 2374 deposuerant,
882 2253 1019 2363 facia,
1048 2281 1258 2370 recogno·

180 2397 320 2511 sceut,
375 2399 421 2487 in
455 2369 802 2515 praeteritorum
820 2421 1024 2483 annorum
1063 2395 1258 2486 recorda·

181 2542 301 2629 tione
316 2567 401 2660 qua
417 2524 642 2655 uoluptate
655 2533 702 2627 se
712 2535 889 2627 affectos
904 2535 1102 2628 sentient!
1133 2536 1257 2659 Quae

184 2682 356 2805 quidem
384 2655 438 2770 ed
470 2708 494 2769 a
519 2708 587 2769 me
616 2679 808 2798 exposita
838 2679 932 2770 suut
961 2680 1164 2793 consiliu,
1203 2710 1257 2771 ne

182 2848 363 2944 operam
394 2822 582 2912 nostram
614 2823 658 2911 in
687 2820 985 2939 prolufionum
1016 2824 1174 2913 harum‘
1195 2850 1258 2913 re·

184 2966 309 3057 censu
336 2947 589 3057 c‘ullocatam
621 2965 804 3055 utilitate
828 2962 898 3054 sua
926 2966 1150 3057 carituram
1178 2962 1258 3056 eise

185 3112 335 3231 aliquis
360 3108 594 3199 existimet

300 3248 410 3341 Cum
436 3252 482 3341 iu
507 3251 583 3361 iis,
613 3275 745 3371 quae,
770 3249 1055 3369 superioribus
1077 3251 1258 3341 maxime

186 3394 496 3505 voluminibus,
540 3420 621 3510 per
639 3389 798 3503 XXX,
839 3412 883 3483 et
911 3393 1031 3513 quod
1059 3395 1257 3505 excurrit,

184 3564 321 3625 anuos
347 3561 371 3623 a
396 3564 465 3625 me
489 3534 682 3653 expofita
707 3532 825 3648 suut,
862 3534 944 3623 suut
967 3533 1079 3624 haud
1109 3562 1258 3653 pauca,
1385 3545 1386 3548 ‘

188 3706 298 3799 quae
321 3682 373 3767 ab
399 3678 488 3767 aliis
509 3679 612 3768 viris
636 3677 777 3767 datiis
804 3676 1009 3797 posthaec
1045 3677 1261 3795 copiosius

190 3842 236 3910 et
254 3820 424 3911 dodius
446 3818 565 3910 fuere
582 3820 814 3911 elaborata:
826 3938 833 3947 Ι
845 3819 1120 3911 constitutum
1139 3822 1277 3935 habe,
1381 3855 1382 3944 3

191 3967 315 4074 bam,
351 3961 737 4057 additamentorum
776 3963 878 4053 loco
913 3962 1092 4083 potiora
1125 3962 1261 4055 exiis
1379 4017 1381 4086 J

192 4130 579 4215 commemorare3
601 4104 695 4193 vidi
719 4123 860 4194 tamen
883 4103 1087 4193 nonnulla
1116 4128 1169 4191 ex
1195 4101 1264 4191 his
1376 4173 1379 4214 3

191 4246 279 4341 fine
316 4275 432 4339 noua
469 4245 756 4365 disputatione
793 4248 870 4339 vix
898 4244 1093 4363 expediti
1129 4238 1261 4363 poiie
1376 4221 1379 4340 i

752 4388 853 4499 )(4
1098 4384 1264 4477 Coutta

1355 4550 1375 4645 ΙΝ
