2967 4950
462 433 779 571 'anna
863 489 921 502 w
1010 417 1216 584 ἶ.ι3ι’

120 665 188 741 hoc
206 659 308 738 sensu
325 659 490 736 verutis
507 682 644 738 numen
663 663 797 738 amoris
816 661 985 751 affetius,
1002 661 1180 744 ueriffima

118 781 247 878 pietas,
281 779 463 860 excitatur
480 776 729 860 acllahilitur.
789 773 879 854 Non
898 782 995 854 enim
1019 777 1179 878 inexpli-

118 892 290 968 cabilis'et
307 887 543 970 inusitatius
560 889 839 984 naturaleusum
857 893 959 970 hunc
979 895 1114 968 amoris
1136 896 1177 968 in

116 1011 249 1080 numen
272 1004 391 1089 elicit,
419 1000 686 1078 teutonorum
709 1007 1033 1082 innumerabilium
1060 1007 1106 1082 ab
1128 1031 1177 1084 eo
1216 1066 1225 1084 .

115 1122 150 1194 in
166 1143 235 1195 nos
252 1116 500 1217 profestorum
518 1119 757 1212 cogitatloet
779 1117 915 1208 senius,
953 1119 1178 1197 beneuolen·
1230 1153 1237 1164 ¹

115 1234 157 1307 tia
172 1255 260 1330 erga
277 1228 621 1327 genushumauum
635 1243 673 1304 et
689 1231 937 1326 prouidentia3
967 1234 1013 1308 ad
1030 1227 1178 1312 natutae

115 1347 211 1422 enirn
245 1343 388 1421 nostme
416 1339 631 1427 modulum,
670 1343 849 1440 quicquid
866 1345 914 1418 in
936 1345 992 1420 his
1013 1346 1177 1436 habetur,

113 1459 182 1536 lese
208 1456 327 1533 refert.
386 1455 560 1539 Miramur
574 1473 705 1546 magna
721 1455 760 1532 'et
776 1455 915 1532 excelsa
922 1482 934 1550 ;
963 1483 1107 1534 amamur
1120 1484 1174 1551 ea,

113 1571 208 1647 vnde
227 1569 499 1663 fruttumboni
515 1569 668 1644 alicuius
693 1581 756 1644 aut
783 1573 1005 1673 percipimus
1026 1586 1089 1648 aut
1117 1597 1180 1649 ex·
1215 1593 1220 1605 ’

114 1685 316 1783 lpetlamus.
348 1693 353 1697 ’
374 1679 516 1760 Frustra
532 1704 600 1780 pro
617 1683 845 1780 principibus
860 1687 1076 1763 indicuntur
1093 1699 1179 1765 vota

115 1799 257 1898 publica
287 1819 330 1872 ac
364 1819 529 1894 preces„
551 1795 616 1882 nili
639 1798 666 1870 ii
694 1799 888 1876 virtutibus
918 1813 956 1878 et
989 1799 1174 1880 beneficiis

115 1913 343 2000 meruerint,
365 1923 444 1986 vta
465 1909 609 2011 populo
633 1904 835 1990 amemur.-
927 1893 965 1974 Υ

188 2164 190 2167 ·
217 2138 299 2218 lam
323 2139 364 2214 in
389 2135 573 2217 beneficiis
596 2137 672 2228 his,
708 2141 845 2238 quibus
869 2139 915 2216 ad
946 2143 1116 2239 pietatem
1139 2155 1178 2220 et
1230 2151 1241 2164 '

118 2277 273 2331 amorem
290 2253 344 2329 lui
364 2252 518 2351 pellexit
535 2251 738 2350 nosRegia
762 2253 1033 2341 munificentia,
1066 2258 1175 2332 etiam
1222 2331 1229 2358 x

116 2370 196 2446 haec
209 2369 312 2444 lunt:
333 2365 442 2466 qudd
461 2365 527 2442 sub
540 2363 625 2442 Eius
639 2367 755 2446 tutela
769 2380 884 2442 terrae
902 2363 1178 2444 Brunlu'icenses

119 2500 258 2583 pacatae
282 2497 319 2559 et
341 2484 389 2559 ab
409 2482 514 2558 omni
533 2480 595 2555 leu
617 2479 829 2561 ,discordiae
855 2482 977 2558 ciuilis
1002 2482 1061 2565 seu
1089 2482 1178 2562 belli

119 2601 254 2677 externi
272 2610 373 2673 metu
388 2593 539 2671 intatiae
554 2592 767 2689 seruantur;
794 2597 971 2695 quodque
985 2594 1176 2675 Musarum

120 2711 200 2789 haec
219 2712 324 2791 sedes
344 2707 611 2815 tranquillitate
623 2720 780 2807 tutoque
797 2732 919 2787 rerum
935 2712 1025 2789 ltatu
1043 2726 1079 2787 et
1095 2714 1176 2788 otio

117 2826 314 2913 litterarum
337 2823 451 2915 studia
468 2835 507 2901 et
530 2822 635 2899 fouet
659 2834 698 2899 et
719 2838 854 2921 euget3
889 2824 991 2923 quod
1014 2816 1197 2935 Regiam·

114 2930 264 3043 [cibalem
290 2941 387 3023 inter
408 2960 478 3019 uus
505 2936 652 3029 versari,
686 2940 947 3017 comunibus
976 2940 1100 3017 ltudiis
1123 2954 1178 3015 te·

120 3058 207 3145 ueri
235 3054 473 3151 ingeniorum
493 3049 597 3127 cultu
612 3064 650 3129 et
665 3074 866 3152 corporum
896 3057 1036 3151 vigore
1051 3076 1094 3129 ac
1116 3076 1179 3127 ro·

120 3167 224 3247 bore
241 3166 463 3247 efflorescere
493 3163 687 3244 uidemus.-
739 3164 852 3245 Noua
875 3164 1035 3245 laetandi
1060 3161 1178 3241 caulia

120 3280 209 3362 hisce
230 3282 362 3361 diebus
387 3276 548 3365 esseut,
590 3280 693 3378 quoti
713 3278 790 3367 Te,
828 3276 1054 3385 Serenillime
1078 3274 1199 3390 Prin-U

121 3418 217 3494 ceps,
244 3392 421 3472 Avassre
449 3392 678 3480 Fatuuarce,
712 3391 925 3470 ,valetudiue
948 3370 1177 3469 ruborataex

119 3510 243 3588 itinere
259 3508 305 3586 ad
322 3500 485 3585 mitiores
502 3504 626 3582 ltalite
650 3504 745 3582 soles
760 3505 917 3583 feliciter
928 3480 1113 3581 reducem
1130 3507 1187 3581 sia

121 3623 256 3711 dimus,
286 3622 465 3721 quodque
479 3640 581 3696 nunc
598 3616 760 3694 iucunda
782 3616 862 3717 spes
884 3616 1068 3729 affulget,'
1087 3616 1181 3707 libe-

119 3754 209 3814 ratos
226 3734 295 3816 'elle
316 3736 477 3811 tandem
480 3726 550 3819 nos
568 3754 588 3805 a
596 3720 706 3811 nere
718 3730 806 3807 ae's
787 3701 1053 3830 sollicitudine,
1065 3752 1180 3863 quae

117 3862 216 3928 tanto
235 3851 385 3950 grauior
402 3848 533 3939 animis
550 3835 681 3922 nestris
693 3842 888 3937 insidebat,
907 3859 1048 3943 quanto
1067 3848 1183 3922 maior

118 3960 189 4041 Tui
205 3966 254 4042 est
272 3966 409 4041 caritas.
467 3956 631 4046 Videtis.
650 3952 790 4047 .‚Ciues
832 3956 963 4042 cauffas
980 3959 1062 4037 latis
1086 3955 1182 4035 mul·

119 4089 166 4153 tas
181 4102 223 4157 ac
238 4089 416 4183 magnas
442 4075 576 4176 quibus
596 4072 705 4149 huius
719 4052 802 4149 liei
812 4071 945 4150 laetitia
965 4088 1002 4151 et
1020 4072 1183 4157 hilaritas
1249 4074 1274 4157 ,’

122 4203 292 4295 tauquam
308 4193 421 4272 fonte
428 4188 535 4303 largo
553 4200 588 4265 et
606 4166 824 4285 scaturigine
845 4206 1037 4289 erumpere
1059 4181 1186 4285 potuit
1227 4274 1234 4285 ,

673 4294 768 4395 lll3
978 4384 980 4391 ,
1080 4330 1084 4339 -
1141 4316 1185 4383 ee
