2967 4950
498 181 534 232 ἰ

453 347 457 356 ¹
565 330 849 530 etprnemin
961 333 967 356 ⁰
1070 377 1216 524 =l83

114 664 118 731 4
159 616 204 695 ln
218 616 277 695 his
294 616 434 694 nullam
451 596 537 708 eills,
577 603 672 719 quae
691 617 801 696 laude
823 616 885 694 sua
914 607 1032 696 errent
1037 618 1216 718 ,'=-plures

113 736 279 808 autem
294 735 396 808 varia
403 732 510 808 laude
533 733 682 832 dignas,
709 732 795 811 laeti
821 731 1062 830 agnoscimus
1107 731 1217 826 Quae

111 850 264 944 primo
278 845 365 922 loco
382 845 551 932 resenfita
566 849 617 924 est
629 849 913 933 commentatio,
932 847 1115 924 sudorem
1131 869 1217 945 pro-

155 959 230 1047 dit,
261 983 336 1035 non
360 945 476 1036 multa
498 960 623 1038 solum
653 943 827 1048 ledion'e,
867 959 927 1036 sed
949 961 1094 1084 aliquo
1107 965 1220 1039 etiam

108 1072 246 1161 vlu'
235 1097 274 1150 ιιι
290 1075 399 1150 rebus
415 1072 593 1176 historicis
611 1073 901 1172 inuestigandis
891 1099 962 1150 ram
977 1091 1061 1152 ante
1085 1076 1216 1152 instru-

152 1186 272 1275 ἂιιιιι,
304 1182 475 1286 quemad
499 1189 718 1264 tradendam
745 1187 991 1286 quaestionem
1014 1177 1212 1266 accederet

148 1297 198 1377 In
225 1302 372 1402 secunda
403 1307 491 1374 ver'o
523 1316 599 1376 tam
630 1301 760 1376 multa
769 1299 913 1375 insunt
915 1315 1019 1378 acute
1038 1304 1212 1392 iudicata,

146 1413 254 1488 felici
271 1413 500 1489 diuinationes
516 1429 669 1511 reperta,
687 1437 728 1490 ac
747 1413 897 1489 solerter
913 1418 1019 1490 etiam
1034 1415 1213 1512 indagata,

147 1525 305 1602 vthaud
324 1549 455 1624 par-um
470 1531 531 1603 rei
555 1509 744 1603 historicae
773 1529 812 1601 in
837 1527 1022 1626 posterum
1049 1527 1215 1626 polliceri

147 1640 195 1715 de
219 1639 367 1716 auclore
388 1639 568 1746 liceat,xfi
589 1643 799 1738 ingenium,
830 1663 907 1738 quo
922 1643 1091 1742 praestat,
1110 1663 1217 1738 egres

149 1754 255 1850 gium
283 1752 432 1829 uberior
459 1757 672 1830 exercitatio
691 1754 890 1853 subegerit,
931 1756 1214 1844 iudiciumlon·

144 1868 230 1965 gior
249 1865 330 1942 rsus
347 1866 548 1957 limaue'rit,
578 1869 850 1968 verborumque
870 1873 1035 1970 copiam,
1063 1871 1214 1970 quani·

146 1984 215 2054 mis
232 1981 354 2056 adhuc
373 1971 554 2069 abundat,
576 2005 697 2068 rerum
712 1985 820 2081 copia
838 1983 1095 2082 compresserit.
1130 1983 1213 2060 Nec

146 2093 245 2170 forte
262 2092 497 2194 necessartum
514 2093 651 2182 suisset,
675 2102 824 2180 taniam,
853 2110 1005 2192 quonam
1030 2113 1067 2174 et
1081 2099 1212 2198 smum

147 2206 264 2307 louge
285 2211 330 2284 ab
347 2209 420 2284 istis
434 2208 639 2307 segregare,
666 2208 731 2286 nisi
749 2209 907 2286 nimium
921 2209 1088 2296 consula,
1116 2210 1212 2286 iusto

93 2310 94 2319 ¹
148 2323 283 2397 ordine
300 2345 450 2429 carens,
469 2338 580 2420 atque
597 2323 772 2400 incultior
790 2323 899 2422 etiam
912 2324 1030 2396 oratio
1048 2325 1160 2398 tertiat
1176 2335 1215 2398 et

147 2439 297 2535 quintae,
316 2434 432 2539 sextae
450 2453 573 2512 autem
590 2439 745 2516 nimium
766 2435 951 2513 breuitatis
970 2435 1125 2515 lludium
1143 2459 1213 2511 no·
1282 2467 1292 2485 ι

147 2547 283 2643 suisset
337 2551 390 2627 ¹tlt
405 2572 517 2639 vero,
541 2574 592 2627 -ne
611 2551 670 2650 vel
683 2552 950 2657 interflprimam
965 2567 1003 2626 et
1018 2548 1213 2627 secundam

151 2666 287 2763 anceps
305 2663 368 2741 diu
394 2664 558 2763 heerertt
580 2665 781 2754 iudicium,
819 2678 940 2763 quarm
964 2664 1086 2742 effecit
1109 2688 1213 2743 com·

148 2779 349 2867 mentatio,
378 2800 472 2877 quae
489 2779 628 2879 quippe
643 2781 789 2867 omnia,
818 2781 954 2879 quihus
976 2776 1137 2879 fingulae
1161 2778 1212 2854 al·

149 2905 249 2975 terae
266 2893 594 2981 commendantur,
622 2894 672 2969 ita
688 2892 798 2971 habet
813 2892 1025 2999 coniuusia,
1048 2909 1088 2971 vt
1105 2891 1211 2969 simul

147 3008 278 3082 uacuis
314 3008 537 3105 reliquarum
584 3005 759 3083 leuifflme
800 3022 995 3106 prematur.
1071 3006 1211 3085 Naeuis

147 3123 278 3219 vtique
294 3120 485 3207 nonnullis
504 3106 595 3197 haec
623 3110 941 3222 etiam‘premitur.
999 3108 1214 3217 Diligentis-

146 3232 259 3326 fimus
278 3232 401 3310 auctor
422 3236 460 3309 in
491 3237 753 3342 conquirendis
784 3238 893 3335 rebus
919 3254 962 3309 ac
984 3230 1213 3328 dispiciendis

148 3348 274 3448 aliqua
301 3363 423 3424 tamen
450 3348 704 3444 praetermisit,
739 3371 840 3447 quae,
861 3369 939 3422 non
966 3366 1094 3447 parum
1121 3345 1213 3421 lucis

147 3460 339 3538 effundere
359 3462 559 3568 quaestioni
576 3458 781 3565 propositae
803 3471 992 3559 poterant,
1036 3458 1214 3559 quodque

150 3598 307 3651 acumen
326 3578 362 3650 in
385 3575 638 3673 seligendisac
652 3573 892 3672 disponendis
921 3571 1056 3648 affatim
1079 3572 1214 3677 probe·
1307 3596 1330 3608 ··

148 3691 226 3776 nit,
255 3712 335 3763 non
354 3688 494 3788 semper
514 3693 552 3765 iu
573 3686 838 3783 distinguendis
859 3686 951 3765 locis
972 3709 1014 3762 ac
1040 3687 1224 3785 tempori·

149 3802 421 3883 busadhibutt:
446 3799 618 3901 idipsum
635 3821 723 3875 vero
740 3800 878 3885 cumin
895 3796 1044 3901 reliquis
1064 3816 1216 3929 quoque
1260 3883 1264 3889 .
1345 3828 1352 3833 -

149 3916 538 4004 commentationibus,
567 3929 603 3991 et
629 3915 745 4011 magis
772 3915 891 4001 etiam,
918 3910 1187 4000 desideretur,
1177 3932 1216 3985 ιιι

147 4026 222 4105 hac
241 4046 362 4105 autem
380 4028 530 4107 cultiori
545 4028 697 4124 insuper
716 4027 891 4105 sermonis
918 4026 1112 4127 elegantia,
1138 4022 1215 4099 seu·

153 4133 352 4222 sentiarum
382 4144 523 4232 nitore,
574 4142 906 4245 iudiciorumque
896 4164 936 4229 ru
965 4137 1076 4219 dubia
1105 4155 1217 4232 quae·
1352 4237 1356 4246 1

575 4355 578 4364 1
645 4252 855 4430 llll4
1091 4244 1217 4327 stione
1285 4288 1331 4320 «.
