2967 4950
320 418 414 565 95ss
572 390 784 564 Obrecup.
815 372 978 535 valetud.
1000 440 1121 563 Regis
1200 366 1236 604 ,

316 670 417 765 nuuc
441 650 584 729 acerbo
581 610 677 727 calu
703 647 887 741 molestam
911 647 1135 748 superiorum
1160 661 1383 761 temporum

318 756 530 858 memoriam
551 766 676 843 leuare
708 784 750 839 ac
781 784 939 851 recreare
967 762 1079 861 pollis
1145 751 1385 864 0Recreatun1¹

306 878 518 981 vqun-leque
499 891 605 953 etam
625 874 829 959 incredibili
851 876 981 973 populi
1003 899 1146 965 amore,
1185 892 1221 952 et
1236 863 1385 992 confir-l

146 952 150 973 ι
193 1028 227 1087 ,·
317 1008 454 1073 anatum
472 1014 632 1067 animum
655 988 782 1065 sentiet
803 985 974 1087 Princeps
995 994 1175 1090 optimus,
1198 1006 1260 1079 et,
1284 1015 1352 1069 cun

273 1176 280 1197 ,
315 1107 567 1183 insomnium
590 1126 678 1190 uoce
694 1102 856 1179 testatum
875 1102 1118 1190 intellexerit,
1125 1121 1302 1203 quantum
1322 1108 1351 1180 in

194 1274 199 1279 ,
314 1220 350 1297 lc
370 1243 442 1296 vno
458 1219 502 1295 ad
521 1222 607 1317 reip.
632 1217 780 1293 salutem
798 1214 953 1315 politum
979 1219 1218 1305 existimetur,
1252 1223 1353 1295 enitr-

164 1366 168 1373 ’
252 1378 260 1393 a
313 1346 373 1411 tur
391 1348 427 1409 et
444 1332 677 1419 allaborabit,
705 1342 744 1405 vt
762 1323 921 1428 populus
933 1330 1135 1428 intelligat,
1152 1330 1244 1407 retie
1266 1332 1350 1409 scita
1384 1363 1385 1372 ι

311 1438 482 1536 llatuille,
500 1468 593 1523 neue
609 1464 769 1550 unquam
787 1466 870 1521 eum
892 1441 972 1520 luae
990 1443 1163 1561 laetitiae,
1187 1444 1351 1523 suiiludii

312 1564 496 1643 ctamoris
519 1562 713 1659 poeniteat
977 1633 981 1640 .

330 1799 335 1829 ι’
425 1787 465 1867 Sl
476 1801 597 1865 tamen
618 1786 664 1865 de'
684 1785 798 1865 modo
829 1782 1065 1864 testificandae
1086 1785 1246 1885 laetitiae·
1266 1789 1350 1866 inter
1386 1789 1388 1808 '

272 1952 276 1960 x
310 1924 379 1981 nos
399 1906 533 2001 agitur
563 1906 657 1978 inter
669 1904 768 1979 varia
783 1901 1016 1977 exultationis
1034 1923 1185 1997 genera,
1209 1904 1248 1977 in
1265 1925 1349 2001 quae
1382 1815 1388 2018 Ι

215 2080 219 2085 .
288 2012 645 2127 ‘aliorumingenian
675 2016 807 2103 studia,
841 2015 1048 2115 opulentia,
1084 2014 1209 2105 fastus,
1243 2016 1387 2092 effun-

306 2116 479 2225 duntur3
515 2120 708 2229 spetiacula
733 2127 895 2227 publica,
938 2129 1233 2216 acclamationes,
1269 2152 1388 2207 con
1387 2123 1389 2176 ³

302 2245 422 2329 ¹tinia,
453 2249 555 2343 ignes
578 2244 755 2325 artificum
782 2246 937 2318 inuento
960 2243 999 2315 in
1032 2244 1144 2320 varias
1169 2241 1350 2341 figuraret
1387 2225 1389 2288 l

204 2430 206 2441 ,
270 2438 272 2453 ,
305 2348 449 2455 colores
473 2358 720 2447 elaboratoss
746 2357 826 2432 loca
851 2346 1004 2454 publica
1024 2359 1237 2454 priuataque
1262 2358 1351 2433 feliis

248 2487 255 2495 '
308 2448 507 2548 luminibus
534 2471 722 2562 illustrata3
749 2462 847 2568 quid
855 2470 970 2546 noilra
987 2493 1070 2544 cum
1096 2471 1205 2557 vita,·
1224 2470 1352 2568 proies·
1388 2463 1390 2475 ’

239 2640 246 2655 ,
304 2585 424 2672 lione,
456 2583 560 2671 loco,
592 2585 768 2680 dignitate
784 2583 982 2659 conuenire
999 2583 1078 2659 latis
1096 2583 1208 2660 videri
1224 2581 1349 2662 debet?
1388 2602 1389 2665 f

233 2734 238 2749 ι
304 2691 451 2775 Scilicet
478 2715 590 2771 unum
619 2697 708 2784 hoc,
754 2707 809 2770 vt·
818 2696 948 2792 gaudia
964 2698 1090 2772 nostra
1115 2687 1351 2796 gratulatione

303 2812 450 2909 publica
475 2811 666 2897 'tolleman
711 2823 755 2890 ,vt
779 2812 908 2906 gratias
934 2831 1083 2906 agamus
1113 2808 1199 2891 Deo
1222 2803 1269 2890 O.
1300 2811 1350 2890 M.

301 2925 470 2998 omnium
495 2912 675 2996 bonorum
697 2921 791 2998 fonti
819 2935 855 2995 et
879 2923 1032 3011 auilori,
1078 2937 1189 3022 utque
1212 2939 1352 3022 gratum

303 3036 403 3113 hunc
424 3039 629 3115 animorum
650 3023 788 3110 sensum
811 3059 885 3109 raon
908 3038 1022 3134 magis
1044 3037 1183 3120 uultibus
1208 3067 1248 3114 ac
1268 3043 1352 3114 uoti·

301 3149 360 3226 bur
376 3151 591 3252 prodamus,
621 3171 729 3248 quam
745 3155 829 3222 uitae
843 3148 1036 3252 sanitate,
1064 3150 1216 3245 religione
1235 3156 1269 3228 ιἰι
1285 3179 1353 3227 mu-

301 3291 410 3340 ncrum
425 3280 455 3370 ιι
469 3255 642 3368 offiiiurum
661 3261 839 3360 talionibus
850 3264 1039 3362 sanantis,
1067 3266 1137 3364 fida
1156 3264 1352 3367 disciplinae.

299 3405 377 3454 curn
394 3407 432 3455 ac
443 3379 657 3480 sollicitudine
674 3375 707 3454 ιἰι
724 3380 884 3452 iuuentute
902 3379 948 3450 nd
962 3372 1126 3454 dubriam
1144 3383 1311 3456 veritatem
1326 3389 1354 3456 ti

219 3551 222 3558 .
278 3491 468 3568 ‘utilitatem
486 3493 642 3590 fingendo
675 3505 705 3566 rt
729 3494 839 3591 nostru
863 3487 1055 3565 uuiioriiule
1084 3492 1234 3587 regendo.
1292 3484 1354 3570 ‘Ita

300 3607 396 3678 enim
418 3609 585 3702 pietatem
611 3605 767 3680 nostram
794 3603 1053 3680 declarabimus
1080 3606 1126 3681 ab
1147 3589 1277 3713 animis
1305 3606 1355 3681 sa·

300 3719 434 3814 pientia
461 3733 511 3792 et
524 3722 652 3816 pietate
686 3740 769 3794 vera
797 3718 947 3792 imbutis
971 3717 1225 3816 profetiam
1223 3718 1355 3796 Solet

297 3831 377 3906 l'rne
396 3845 432 3906 et
447 3813 598 3929 vulgus
589 3855 624 3905 an
642 3826 742 3908 laetis
758 3833 899 3907 euentis
916 3834 1059 3907 numini
1074 3834 1205 3929 gratias
1222 3855 1354 3930 agere;

297 3940 394 4020 enlm
412 3965 498 4020 uero
523 3948 657 4042 gratiae
687 3945 758 4020 hae
781 3945 922 4020 summo
946 3939 1101 4021 Numini
1123 3968 1193 4043 qua
1212 3963 1352 4036 mente,

298 4081 373 4156 quo
392 4057 489 4134 sensu
514 4057 732 4152 redduntur!
771 4074 806 4133 et
828 4059 950 4154 gratiis
973 4058 1076 4133 atila
1077 4062 1160 4158 quis
1188 4059 1354 4157 plerum·

296 4169 551 4274 quebeneliuii
572 4172 708 4271 accepti
734 4169 874 4275 seclusi
898 4193 991 4270 quae
1014 4172 1206 4269 memoria!
1235 4169 1354 4250 Com·

1053 4315 1056 4320 ’
1234 4310 1351 4365 murae
