2967 4950
239 407 265 586 '¹
305 411 389 586 ιιι
484 460 692 568 ,Certamen
713 379 956 552 ιιιιιιιιιιιιιιι
972 489 1010 551 ιι.
1034 457 1201 574 XCIII,
1307 449 1311 456 ’
1391 441 1392 457 ¹

209 772 213 782 ἱ
302 671 617 773 ιιιιιριιειιιιιιιιι.
674 667 904 780 Quanquam
924 669 1022 746 eninr
1041 665 1167 746 aanor
1180 687 1360 754 conmenta·

302 794 419 876 tinnit,
442 788 557 888 'versus
572 808 616 861 tx
628 783 825 860 Aeacideia
838 783 953 884 sronlr
968 783 1105 880 furulis
1125 797 1165 860 el
1184 791 1276 864 tertio
1291 785 1356 866 soro

300 905 644 993 commemoratae,
662 899 854 997 emensum
878 897 1073 974 industriae
1104 901 1193 975 suaev
1217 923 1259 978 ac
1282 904 1358 980 dili·

262 1033 265 1043 ·
301 1015 504 1119 gentiacum
527 1004 750 1112 colligendis
772 1012 1062 1088 uariisveterum
1085 1015 1220 1111 pariter
1243 1039 1284 1094 ac
1307 1041 1357 1094 re·

299 1134 507 1212 ceruorum
524 1125 712 1204 sententiis
730 1139 768 1202 et
783 1125 1024 1225 opinionibus
1039 1126 1155 1228 edidit
1170 1127 1356 1225 specimen,

298 1258 339 1322 ιι
353 1245 429 1322 boc
448 1240 610 1342 nespetlu
626 1239 793 1318 iudicum
814 1237 1056 1338 expatiationi
1082 1263 1126 1319 ac
1154 1245 1249 1319 voris
1268 1244 1359 1346 satis·

297 1355 420 1437 secisse
435 1355 552 1454 videri
568 1351 693 1455 possit,
722 1369 865 1442 tamen,
892 1366 969 1428 rum
988 1356 1117 1454 quoad
1130 1354 1238 1456 ipsius
1257 1381 1357 1457 argu.

298 1473 416 1551 ruenti
431 1470 701 1557 traslationem,
729 1489 825 1568 quae
849 1465 1075 1545 nec'iudicio
1099 1472 1137 1546 in
1158 1492 1356 1570 congeren-

299 1587 356 1692 (ιιι
377 1587 519 1685 copiis,
548 1605 629 1672 nec,
644 1604 731 1660 cura
755 1585 794 1661 in
819 1581 1098 1667 collocandaet
1118 1585 1358 1666 distribuenda

298 1698 676 1793 mareriaadmodum
699 1697 1001 1788 commendatur,
1036 1711 1115 1778 ιιιιιι
1135 1701 1259 1800 quoad
1284 1725 1359 1778 ora.

269 1808 272 1821 ’
298 1819 458 1914 tionem,
484 1836 560 1912 qua
582 1810 663 1888 usus
682 1811 750 1908 ιιι,
780 1811 953 1920 nonsatis
969 1812 1131 1903 latinam,
1163 1815 1281 1894 multa
1299 1815 1358 1894 de·

295 1926 483 2008 sideranda
498 1924 665 2025 reliquit.
695 1923 864 2029 adeoque
886 1925 1070 2024 neglexit,
1096 1951 1191 2028 quae
1216 1933 1256 2005 in
1274 1952 1362 2009 con·

296 2043 501 2134 ditionibus
526 2041 679 2141 praemii
703 2038 880 2138 propositi
901 2041 1000 2150 apud
1024 2064 1093 2120 nos
1117 2042 1176 2122 vel
1204 2046 1362 2123 maxime

218 2178 226 2209 ι
296 2169 482 2238 numerari
471 2153 627 2234 solent
650 2153 839 2276 Maiorem
855 2154 1001 2234 laudem
1013 2155 1080 2237 libr
1091 2159 1224 2234 ιιιιιιιιι
1239 2159 1362 2236 auttor

296 2261 659 2360 commentationis,
666 2270 739 2346 cni
757 2266 972 2392 inscriptum
997 2271 1224 2370 symbolum:
1253 2274 1363 2350 Νιιιιιι

207 2434 210 2440 ·
290 2389 442 2494 peruerse
459 2388 559 2493 semet
581 2385 686 2489 ipsum
705 2394 814 2468 amat.
842 2383 947 2462 &n
962 2379 1132 2464 Summa
1160 2388 1257 2464 enim
1281 2387 1365 2463 dili·

203 2544 206 2549 ·
295 2506 516 2603 gentianon
533 2499 649 2578 solum
669 2510 836 2593 ueterum
856 2514 893 2578 et
911 2502 1157 2581 recentiorum
1173 2524 1366 2579 commen-

269 2631 457 2695 tatorum
482 2613 823 2713 interpretationes,
863 2636 958 2715 quae
986 2614 1052 2691 ad
1046 2638 1140 2709 rem
1167 2617 1364 2715 iaciebant,

296 2730 533 2832 conquisiuit,
558 2742 595 2803 et
611 2726 658 2803 ad
673 2738 774 2807 certa
787 2751 923 2827 genera
940 2732 1142 2817 reuocauit,
1172 2731 1232 2809 sed
1252 2732 1364 2807 etiam

294 2846 443 2922 abunde
456 2844 530 2920 hoc
548 2842 681 2942 scripto
697 2837 763 2919 suo
781 2838 919 2921 Ordini
933 2828 1191 2945 conprobauit
1210 2846 1365 2943 linguae

293 2958 430 3078 latinae
453 2970 490 3033 et
508 2978 659 3055 graecae
681 2956 867 3034 scientiam
883 2950 983 3037 haud
1001 2958 1230 3063 vulgarems
1217 2962 1367 3058 ingenii

293 3062 452 3150 momen
464 3073 503 3146 in
520 3060 783 3148 diiudicandis
780 3073 885 3147 variis
900 3074 1142 3172 opinionibus
1157 3072 1202 3153 ad
1215 3075 1368 3171 regulas

293 3201 413 3265 certae
435 3187 765 3286 interpretationis,
796 3183 1032 3264 subtilitatem
1056 3189 1164 3266 etiarn
1181 3202 1218 3265 et
1233 3190 1371 3268 mode·

110 3331 114 3341 ·
215 3340 224 3354 κ
278 3304 395 3379 -lliam
426 3301 538 3378 doslo
563 3314 601 3376 et
629 3298 808 3375 liberali
797 3320 933 3377 iuuene
963 3293 1155 3399 dignam!
1196 3298 1370 3380 Palmam

235 3424 416 3496 «nmen
451 3414 548 3492 huic
592 3415 917 3504 commentationi,
968 3414 1144 3493 dubiret
1180 3414 1373 3495 subtiliter

290 3529 463 3629 scriptae,
508 3530 709 3629 praeripuit
733 3526 930 3629 scriptum,
967 3530 1071 3631 quod
1105 3528 1321 3677 symbolo
1307 3556 1374 3607 rn-

292 3643 467 3779 scriptum
497 3643 567 3720 est:

615 3743 742 3815 Νι
759 3740 837 3835 prud
855 3744 955 3815 nimis.

290 3874 395 3951 anius
419 3831 604 3948 aussorenr
621 3869 672 3947 ob
689 3894 811 3949 rerum
831 3868 1032 3962 deleiium,
1050 3868 1291 3953 trallationis
1311 3872 1377 3951 lu·

292 3990 418 4065 cidurn
442 3984 631 4071 ordinem,
669 3984 848 4063 iudicium
874 3998 1024 4062 acutum
1053 3989 1187 4085 pariter
1211 4008 1254 4063 ac
1283 4010 1377 4065 nro·

291 4101 444 4188 destun,
461 4100 670 4177 orationem
681 4098 845 4199 denique
863 4098 1090 4207 perspicuam
1105 4114 1142 4177 et
1159 4099 1378 4199 dictionem

288 4213 461 4331 latinam,
492 4210 654 4315 aliasque
672 4214 996 4299 commentationis
1018 4218 1168 4296 virtutes
1191 4219 1379 4315 egregias

416 4372 421 4377 ·
1026 4347 1062 4417 ‚¹
1204 4336 1377 4431 praemio
