2967 4950
575 526 810 644 Praefatio„
1185 525 1218 634 ‘v

134 731 244 820 mihi
259 729 442 820 summae
458 728 572 819 duco
587 731 717 844 laudi,
738 733 857 854 quod
871 732 1069 852 Emestii,
1092 736 1216 832 Chri·

132 873 222 984 stri,
253 873 401 962 Bachii
419 871 639 990 disciplina
653 875 758 964 olim
775 876 958 968 imbutus
971 879 1077 992 sum,
1098 910 1212 974 nunc

131 1017 322 1132 ingenue
339 1009 577 1131 profiteor,'
601 1015 677 1104 nisr
701 1045 796 1106 cum
821 1019 887 1108 his
900 1021 1019 1135 viris,
1046 1025 1091 1112 in
1106 1054 1212 1146 quo·
1257 1077 1261 1100 ·

132 1185 232 1246 rum
243 1157 481 1274 collegium
501 1177 546 1246 et
568 1157 831 1250 consortium
854 1164 899 1252 in
915 1163 1105 1286 Georgia
1123 1170 1211 1258 Au·

87 1337 89 1344 ’
131 1300 258 1418 gusta
274 1300 503 1430 adoptatus
521 1300 626 1411 sum,
650 1302 716 1391 his
733 1303 913 1394 maxime
928 1309 1209 1426 temporibus,

130 1439 344 1554 vixissem,
362 1471 572 1563 nunquam
588 1471 658 1534 me
672 1446 717 1534 i'n
734 1447 800 1536 his
812 1447 965 1554 litteris
984 1447 1206 1567 profectus

131 1585 300 1703 aliquos
314 1612 413 1673 meo
433 1587 537 1678 loco
558 1585 716 1703 dignos
732 1586 943 1693 facturum
966 1587 1115 1705 fuisseq
1136 1623 1210 1684 ne·
1328 1671 1334 1686 .

130 1755 216 1847 que
232 1725 295 1815 est
317 1723 443 1816 facile
464 1711 646 1818 ex'meis'
659 1727 841 1848 collegis
856 1733 1023 1852 aliquis,
1043 1736 1204 1827 ecuius

126 1870 281 1958 litteris
313 1866 566 1989 scriptisque
606 1866 695 1962 non
732 1877 1015 1966 conuerterim
1043 1879 1204 1999 aliquid

126 2013 170 2099 in
191 2012 395 2102 utilitates
418 2033 545 2102 meaa
603 2011 795 2106 Tantum
818 2017 992 2108 interest
1021 2019 1075 2131 ad
1099 2049 1202 2138 pro·

127 2154 266 2270 priam
288 2154 514 2266 virtutem,
543 2153 695 2250 sintne
717 2159 802 2248 viri
826 2159 1010 2273 laudati,
1035 2164 1203 2281 quibus·

124 2323 222 2382 cum
239 2296 417 2384 vixeris!
443 2298 507 2388 vti
519 2305 670 2391 contra
683 2298 924 2416 persuasum
934 2300 1039 2388 mihi
1048 2304 1202 2412 habeo,

127 2436 238 2526 haud
267 2433 407 2529 facile
424 2439 471 2527 in
501 2438 735 2529 Academia
765 2439 918 2529 nostra·
943 2440 1055 2533 inter
1084 2430 1203 2536 viros

115 2560 215 2667 m
233 2578 335 2667 clari
353 2578 564 2707 nominis,
595 2596 681 2672 tam
698 2582 922 2684 multarum
937 2584 1200 2698 litterarum,

127 2725 271 2813 uiuere
292 2723 475 2843 aliquem
501 2717 656 2839 posse2
685 2725 788 2844 quin
821 2724 1040 2817 adsimilis
1064 2726 1201 2817 laudis

128 2867 404 2983 cupiditatem
425 2862 685 2953 incendatur.
724 2863 771 2953 Si
785 2866 929 2985 itaque
945 2893 969 2955 a
984 2868 1201 2957 communi

127 3007 364 3096 academiae
386 3006 510 3095 laude
526 3006 639 3095 haud
663 3006 846 3101 alienum
862 3004 967 3120 esse,
999 3009 1085 3098 hoc
1101 3006 1199 3097 scri·

126 3152 324 3266 ptionum
340 3174 473 3264 genus
487 3124 659 3265 sparsim
676 3146 837 3237 editum
848 3150 1068 3264 colligere,
1077 3151 1198 3277 ‚recte

127 3292 296 3407 putaui:
325 3292 529 3380 volumen
552 3292 639 3379 hoc
658 3288 920 3379 nouislimum
937 3294 1065 3381 habet
1083 3290 1197 3381 aliud

128 3434 245 3553 quid,
271 3459 361 3554 quo
378 3436 435 3546 se,
465 3433 608 3523 saltem
627 3433 695 3546 iis,
718 3433 793 3553 qui
806 3432 910 3551 post
933 3449 1015 3522 nos
1031 3434 1195 3544 uiuent,

88 3653 90 3699 z
128 3574 421 3687 commendet,
450 3602 547 3665 cum
569 3602 704 3665 annos
727 3578 1008 3692 reputabunt,
1045 3576 1197 3695 quibus

88 3779 89 3789 t
127 3718 202 3806 hae
217 3714 812 3837 prolusiones'scriptaesunt3
839 3745 936 3807 cum
953 3718 1065 3807 enim
1082 3714 1195 3809 fama
1235 3766 1241 3775 ·
1304 3695 1309 3706 ’

89 3946 91 3963 ,
127 3848 378 3982 scriptisque
404 3858 608 3949 traditum
639 3858 874 3979 accipient,
911 3878 1091 3983 quantae
1115 3884 1195 3979 per
1288 3886 1293 3897 ’

89 3991 90 4001 ‘
126 4002 206 4090 hos
227 4030 363 4091 annos
385 4003 440 4093 de
470 4004 691 4093 hominum
722 4002 1111 4124 populorumque
1098 4000 1198 4089 ruri·
1247 4019 1251 4030 ’

129 4145 203 4232 bus
239 4148 539 4236 contentiones
569 4144 752 4259 fueruit,
802 4167 911 4265 quae
942 4143 1197 4233 indenatae

128 4284 236 4403 irae,
270 4288 375 4381 odia
398 4308 443 4382 et
465 4291 694 4381 certamina
716 4289 830 4377 inter
850 4286 1044 4377 hommes
1060 4282 1199 4371 diuer-

683 4427 729 4542 )(
759 4452 802 4543 3·
1053 4422 1199 4515 sorum
