2967 4950
257 456 340 561 150
397 382 581 530 Libertas
604 395 831 557 populerunt
852 458 1047 523 8888888888
1071 431 1262 549 expetitio

259 618 791 752 conditionibus-prospiciendo3
805 638 861 717 de
875 601 995 739 populi
1009 637 1131 748 88888888
1152 630 1238 721 niti
1251 611 1322 740 psa·

101 744 103 751 ’
146 808 164 835 ,«
220 794 224 826 ι
258 762 378 844 turneio
395 754 451 855 A).
487 756 541 833 lta
556 756 647 831 nihil
663 756 900 854 astumquam
915 770 952 829 vt
966 756 1159 830 dominum
1177 776 1317 829 nouum
1341 768 1349 777 '

256 868 609 971 acciperentsersae,
623 871 899 965 nouumiugum
913 870 1062 965 pristino
1074 890 1162 943 mox
1174 870 1319 963 grauius

261 986 433 1071 subirent
494 984 520 1063 A
540 982 656 1063 Dario
673 996 793 1059 tameo
810 980 991 1080 Hystaspis
1005 982 1121 1069 multa
1143 980 1226 1057 sunt
1251 979 1321 1055 ms·

263 1100 336 1179 lius
355 1099 567 1186 constituta,
587 1096 713 1185 diuiso
730 1119 881 1195 quoquc
901 1098 1066 1196 imperio.
1074 1100 1110 1169 in
1130 1091 1225 1171 XX.
1242 1117 1323 1193 pro·

264 1207 419 1299 vincias,
475 1214 620 1287 tributis
658 1224 693 1287 et
732 1211 924 1288 reditibus
935 1213 1101 1290 accurate
1119 1208 1320 1355 descriptis.

96 1340 98 1348 ’
264 1321 424 1461 <Herod
442 1324 515 1413 111,
527 1306 631 1422 89)

335 1481 586 1603 ¹secundnm
609 1522 698 1601 baec
725 1544 837 1600 nemo
857 1522 1026 1609 miretur,
1066 1548 1132 1596 888
1159 1520 1231 1621 sifi
1205 1449 1326 1594 stetu

263 1636 373 1719 8888888
376 1666 411 1713 888
436 1642 592 1737 8888888888
613 1637 706 1712 libert
692 1615 789 1711 888888
818 1640 959 1733 parari,
1004 1634 1077 1709 hoc
1101 1636 1148 1709 est
1171 1634 1326 1731 speciem

190 1796 194 1805 ,
258 1756 347 1830 eius
362 1751 514 1838 ostendi,
536 1772 624 1838 mox
641 1750 797 1823 88888888
813 1772 916 1824 more
928 1761 1079 1850 repente
1095 1746 1327 1857 euanescere}

264 1864 438 1961 nascique
465 1865 552 1940 hino
573 1864 749 1946 incertam
774 1862 875 1939 issam
909 1869 1037 1961 regum
1062 1862 1326 1951 conditionem,

97 2015 123 2071 μ
194 1981 197 1990 ’
243 1976 522 2053 -vrcrssrtudmas
541 1991 578 2053 et
594 1979 814 2053 mutationes
840 2000 1061 2074 regnorum.
1105 1989 1141 2054 88
1168 1975 1324 2051 translati

125 2111 128 2125 ’
264 2092 313 2169 ab
330 2114 404 2168 888
421 2114 459 2165 88
475 2091 651 2177 aiterum
682 2094 727 2167 ab
749 2094 871 2185 enain
895 2089 1043 2169 alteram
1065 2090 1230 2187 stirpem,
1260 2090 1326 2165 im·

264 2206 369 2303 perii
430 2202 521 2281 Inde
541 2203 579 2281 fit
597 2222 637 2281 88
662 2204 896 2283 barbarorum
918 2188 1085 2280 historiae
1109 2204 1326 2301 pierumque

262 2316 360 2393 nihil
383 2316 481 2395 aliud
498 2320 720 2401 contineant,
737 2342 847 2419 quam
866 2320 1123 2394 contentiones
1140 2317 1185 2393 de
1199 2341 1329 2417 regno,

154 2434 178 2469 '¹
266 2448 414 2516 mutuas
435 2432 579 2523 caedes,
611 2449 647 2510 et
662 2434 802 2512 sutores
822 2432 968 2510 ciuiles:
1013 2430 1073 2508 etsi
1098 2431 1230 2532 saepe
1221 2455 1258 2508 rn
1274 2430 1328 2507 his

265 2535 446 2623 libertatis
464 2548 647 2624 vocabulo
664 2547 832 2624 homines
852 2547 929 2647 vsos
947 2543 1014 2622 esse
1033 2546 1163 2624 videas.
1225 2543 1330 2624 Non·

266 2657 455 2742 nullarum
479 2663 645 2756 gentium
670 2657 763 2734 adeo
788 2659 879 2734 nihil
899 2660 973 2737 sere
994 2676 1135 2758 praeter
1156 2660 1330 2760 dynastia-

203 2819 206 2829 ·
267 2795 352 2849 rum
376 2771 522 2846 alterius
537 2772 639 2856 alteri
655 2771 924 2850 succedentium
950 2777 1099 2850 nomina
1123 2772 1332 2873 supersunt;

267 2885 344 2960 de
333 2908 372 2981 rp
376 2883 406 2958 sa
421 2865 589 3012 Aegypto
600 2909 659 2961 ex
664 2885 785 2984 priscis
802 2890 976 2964 aetatibus
992 2887 1080 2986 quid
1097 2887 1195 2964 aliud
1212 2888 1338 2986 super&

133 3096 138 3104 ι
266 2998 318 3082 esi
335 2995 536 3074 memoriae
555 2999 746 3088 traditum,
784 3023 895 3099 quam
913 3001 1158 3101 dynastiarum
1186 3002 1330 3079 ordines

271 3129 308 3186 et
326 3093 501 3188 nomina?
532 3112 652 3193 Autsr
666 3112 887 3216 locupletior
913 3139 1034 3191 rerum
1059 3116 1240 3214 gestarum
1259 3139 1335 3192 me·

269 3227 387 3301 moria
383 3217 578 3324 superest,
601 3227 703 3318 nihil
729 3227 830 3304 aliud
847 3231 1039 3317 memorari
1058 3229 1198 3320 rideas,
1220 3253 1331 3330 qupm

271 3339 368 3414 bella
385 3342 501 3437 gesta,
520 3341 680 3440 populos
700 3341 928 3440 subiugatos,
947 3342 1186 3433 rebellantes,
1201 3344 1338 3420 iterum

271 3453 396 3540 888888,
413 3453 573 3532 deletos·
564 3459 801 3554 ,prouincias
817 3459 944 3554 iugum
962 3455 1060 3535 haud
1076 3479 1195 3556 aequo
1209 3459 1338 3535 animo

128 3569 131 3576 '
219 3589 221 3594 ·
255 3567 490 3655 ¹tolerantes,
527 3584 734 3672 temporum
761 3573 1073 3690 opportunitatem
1097 3570 1339 3669 speculantes,

196 3709 200 3717 ¹
274 3678 376 3756 clade
393 3681 551 3760 dominis
569 3683 699 3790 88888888
716 3680 767 3761 ad
776 3708 874 3760 asnia
890 3699 1035 3760 ruentes
1037 3688 1240 3773 ‚montium
1257 3700 1339 3762 tuta

258 3797 473 3876 acaronita
490 3783 733 3898 occupantes,
751 3796 1019 3900 quaeetramio
1040 3798 1163 3878 medio
1179 3792 1340 3878 seruien-

1243 3915 1340 4038 tium

333 4125 381 4208 8)
404 4123 508 4208 Digna
533 4124 603 4188 sunt
625 4146 703 4210 qnae
721 4127 937 4214 inspiciuntur,
966 4127 1198 4206 HerodotiIIL
1218 4141 1259 4202 8ο
1271 4130 1340 4218 sqq

387 4209 608 4311 Comprehensa
629 4213 713 4276 enim
729 4214 800 4278 suot
823 4215 874 4282 his
896 4235 982 4296 capp.
1009 4217 1105 4299 prims
1126 4215 1287 4284 dominre
1300 4219 1344 4282 de

385 4296 582 4380 imperiorum
599 4295 711 4368 8888888
726 4296 853 4365 diuersis
873 4299 1065 4368 elementa.
1148 4371 1151 4376 ,
