2967 4950
577 450 613 525 tt
646 438 827 553 praemiat
1128 454 1226 548 .103

166 635 431 749 rtiliffimarum
445 638 647 719 litterarum
664 664 706 717 ac
724 640 995 741 disciplinarum
1016 642 1133 741 copiis
1158 662 1227 739 pro
1341 660 1346 668 ·

161 752 289 831 lubitu
305 768 341 830 et
357 754 401 831 ad
417 753 611 831 satietatem
628 758 819 852 ingenium
837 755 996 853 repletis.
1012 757 1131 853 iisque
1148 754 1228 831 satis
1288 742 1293 752 ’

111 842 119 965 s
159 868 325 953 instrudi
351 867 394 944 ad
413 870 543 967 patrias
566 870 723 967 quisque
746 869 846 945 sedes
871 871 920 948 ita
946 868 1145 957 disceditis,
1168 881 1228 943 -vt

109 970 113 1093 l
160 1002 254 1077 opes
270 981 349 1057 illas
368 1003 565 1081 earumque
579 982 714 1060 fructus
737 996 774 1059 et
792 983 898 1057 vobis
924 994 961 1056 et
984 982 1226 1081 popularibus

108 1104 117 1191 l
158 1094 284 1179 vestris
317 1094 518 1193 aliquando
541 1097 695 1195 cupiatis
721 1092 789 1171 esse
813 1095 1085 1183 saluberrimos,
1133 1093 1226 1195 haec

106 1226 110 1287 ὲ
158 1208 288 1281 omnia
309 1231 376 1311 vos
402 1208 812 1305 debereptooidentiae
836 1206 948 1305 Regis
978 1204 1225 1305 Indulgentis-

105 1310 108 1363 ⁵
155 1317 261 1406 fimi,
293 1322 397 1394 euius
416 1314 586 1418 'auspiciis
602 1322 663 1397 ista
679 1323 978 1397 administrantur.
1038 1320 1225 1416 Nutritori

153 1434 289 1529 itaque
306 1432 423 1508 vestro
440 1454 527 1521 vos,
557 1448 729 1531 tanquam
745 1435 884 1509 alumni
898 1436 1076 1509 curistam
1093 1434 1225 1508 libera·

153 1545 261 1621 libus
285 1544 382 1619 baud
401 1544 561 1643 indigni,
593 1548 762 1635 tribuistis
777 1548 851 1623 boc
866 1550 1015 1634 merito,
1047 1561 1086 1621 vt
1100 1547 1221 1635 nobis,

154 1660 400 1763 quotquotin
411 1658 485 1737 hoc
494 1658 680 1737 Musarum
696 1660 847 1738 samario
863 1659 1124 1758 hierophantae
1135 1682 1225 1734 con·

153 1772 271 1850 {litori
287 1770 429 1859 sumus,
445 1772 547 1869 diem,
564 1773 699 1876 laetum
718 1774 987 1852 celebrantibus
1006 1774 1170 1849 fauentes
1186 1784 1224 1846 et

155 1884 272 1973 vestr-a
289 1883 673 1983 pietatesnffragantes
695 1887 879 1978 adessetis,
917 1889 1121 1987 nostrisque
1136 1889 1223 1983 pre·
1279 1926 1284 1933 ,

156 2000 265 2073 cibus
284 2012 369 2072 vota
392 1994 502 2073 vestra
523 2023 592 2097 pro
618 2004 751 2101 optimi
771 2000 897 2101 Regis
919 2000 1031 2077 salute
1049 2002 1116 2076 seu
1139 2020 1223 2097 per·

155 2102 334 2193 soluenda
352 2110 411 2185 seu
426 2116 675 2211 nuncupanda
694 2115 960 2214 consociaretis.
999 2108 1084 2215 brat
1099 2125 1222 2210 autern
1359 2200 1366 2207 ¹

155 2223 214 2299 hic
232 2224 346 2298 vester
362 2226 399 2297 in
418 2223 589 2316 laetitiam
608 2228 796 2325 publicam
813 2235 1016 2303 concentus
1041 2238 1156 2305 tanto,
1169 2225 1224 2296 in·

154 2337 262 2424 slim,
291 2337 392 2435 quod
411 2337 596 2435 ipsabaec
613 2340 792 2413 sollennia
807 2341 845 2416 in
868 2337 1058 2413 utilitatem
1074 2336 1224 2411 vestram

157 2464 261 2526 erant
279 2451 396 2538 versa,
431 2453 478 2528 ita
497 2465 542 2532 ut¹
556 2450 759 2528 studiorum
774 2450 974 2543 veltuorum
997 2448 1133 2526 srutlus
1157 2470 1223 2547 per

158 2564 552 2662 ealocupletarentur3
586 2563 890 2665 quandoquidem
914 2565 1151 2640 constitutum
1173 2561 1223 2640 est

156 2679 193 2751 in
209 2678 313 2755 diem
327 2671 442 2755 ‘hunc
464 2677 592 2754 festum
615 2701 657 2756 ac
681 2679 883 2787 sollennem
910 2685 1093 2756 certamen
1117 2681 1222 2770 inge·

157 2793 308 2870 niorunr
331 2787 553 2880 vestrorunt,
587 2807 624 2867 vt
644 2793 802 2892 praemia
826 2790 1047 2889 assignentur
1064 2794 1127 2880 iis,
1155 2787 1221 2887 qui

155 2904 360 2998 studiorum
382 2903 536 2994 snorum¹
561 2905 783 3004 prosedibus
807 2906 1032 2982 declarandis
1062 2902 1222 3005 palmam

158 3019 287 3094 ceteris
308 3019 583 3116 praeripuerint.
642 3017 785 3094 Videtis
810 3034 1038 3119 quantopere
1061 3016 1222 3092 vtilirari·

159 3133 228 3208 bns
246 3131 368 3208 vestris
384 3144 422 3204 et
438 3131 643 3208 commodis
667 3131 898 3232 prospedlum
921 3132 963 3207 lit
981 3135 1021 3206 in
1045 3132 1220 3206 omnibus
1383 3214 1384 3221 Ν

157 3246 287 3330 rebus,
324 3246 373 3319 ita
396 3257 434 3318 vt
456 3243 644 3320 hilaritatis
673 3248 827 3344 quoque
851 3243 1019 3342 publicae
1044 3241 1222 3317 sollennia
1335 3250 1345 3272 ·’
1370 3228 1384 3279 ³

159 3360 267 3434 vobis
288 3354 354 3432 srnt
371 3355 532 3454 proficua
551 3372 588 3436 et
612 3357 812 3456 stud-uosm
837 3368 979 3431 tantum
998 3357 1096 3432 enim
1112 3354 1224 3443 abest,

160 3484 201 3551 tt
220 3469 331 3546 adici
350 3469 539 3566 religione,
550 3471 746 3562 abhorrere
762 3470 877 3560 videri
893 3467 1023 3544 debeat
1039 3481 1220 3544 certamen

161 3581 396 3670 litterarium,
431 3599 470 3657 vt
495 3585 616 3682 potius
647 3604 731 3658 curn
760 3580 844 3681 ipsis
868 3581 1036 3680 precibus
1062 3584 1222 3658 actoris

162 3685 300 3771 nolitis
314 3716 384 3797 pro
401 3694 513 3772 salute
532 3710 568 3772 et
584 3695 837 3772 incolumitate
857 3697 944 3794 reip.
965 3696 1105 3770 nostrae
1130 3693 1224 3770 illud

162 3807 345 3906 praeclare
378 3809 583 3908 conspirare
612 3811 847 3900 arbitremur3
904 3806 966 3882 etsr
997 3806 1070 3882 alio
1109 3806 1224 3883 modo
1322 3899 1327 3905 ,

162 3922 212 3997 ita
241 3921 459 4013 statuamus,
505 3944 617 4023 quarn
649 3933 787 4000 veteres
810 3912 907 4023 hisce
941 3919 986 3998 de
1012 3921 1122 3999 rebus
1146 3921 1241 4021 sen-¹

164 4029 238 4110 filie
266 4035 415 4114 constat.
986 4026 989 4031 ’
1048 4069 1052 4076 ’
1250 4059 1257 4077 ‘

718 4197 754 4338 (s
783 4285 810 4358 4
1048 4244 1224 4332 Memini·

814 4372 818 4410 l
