2967 4950
403 496 454 584 ab
471 498 518 585 iis
535 492 664 607 fruiiu
681 513 914 616 reuaperaiu
1107 514 1191 617 147
1280 510 1289 532 “

142 700 179 777 ad
194 700 391 777 libertatem
410 702 634 800 adspiraruirt
651 702 731 791 alii,
768 707 834 802 qui
856 705 950 781 iusto
969 708 1121 806 quidem
1146 732 1191 790 ac

140 816 294 911 legitimo
313 820 389 913 regi
407 819 599 932 parebant,
625 817 688 893 sed
713 819 1042 911 crudelitateeius,
1070 828 1190 901 auari-

103 1014 105 1019 ,
138 932 182 1003 ιιι
200 952 236 1005 ac
250 929 400 1005 libidine
426 935 544 1035 vexati
566 934 739 1007 etattrit'e
797 930 927 1009 Tertio
945 936 1116 1013 modoiu
1141 938 1189 1015 li-

138 1042 299 1118 bertatem
322 1046 354 1119 se
372 1047 555 1147 vindicare
571 1046 685 1119 dicius
703 1047 874 1143 populus,
882 1051 949 1145 qui
963 1070 1088 1149 regem
1107 1072 1189 1129 non

135 1154 198 1231 iuis
215 1157 387 1280 suffragiis
404 1182 473 1233 nec
492 1156 577 1255 lege
604 1180 647 1232 ac
667 1159 788 1233 modis
810 1159 984 1255 regitimis
1009 1180 1193 1255 creatum,

133 1286 225 1345 auta
248 1272 374 1367 stirpe,
392 1294 509 1367 quae
534 1273 576 1343 vi
597 1292 639 1345 ac
658 1270 786 1346 fraude
814 1290 969 1369 regnum
986 1278 1197 1407 inuaserau

131 1384 349 1521 oriundum,
367 1381 605 1459 excluderet„

139 1546 142 1555 ‘
231 1538 399 1661 Videtis,
428 1564 523 1653 quot
536 1548 665 1625 drueri
653 1574 683 1625 s
699 1550 828 1627 modis
834 1546 1021 1629 hbertas
999 1576 1019 1629 a
1039 1558 1189 1655 populis

132 1678 364 1763 recuperata
347 1664 498 1739 dicatur.
528 1660 570 1738 ln
585 1662 985 1757 histame'nconatibus,
994 1682 1067 1745 tam
1084 1694 1188 1769 prae-

133 1777 281 1851 claruet
302 1772 500 1867 immortali
524 1776 644 1857 laude
662 1778 796 1875 dignis,
820 1781 1040 1880 plerumque
1057 1802 1190 1884 parum

134 1890 332 1989 prosperum
349 1888 543 1970 successum
561 1882 720 1967 habuere
734 1884 914 1977 homines,
933 1904 1020 1973 cuni
1036 1901 1194 1978 fortuna·

136 2022 178 2077 ιιι
188 2018 221 2079 et
234 2005 435 2089 lrbertatem
449 1992 793 2082 firmarenescrrent
784 2009 1153 2107 ,quandoquidem
1130 2016 1188 2088 ni·

134 2112 203 2192 hiis
187 2118 606 2197 seriusinterhumanum
622 2142 740 2216 genus
749 2118 969 2227 puerascere
978 2119 1193 2221 [oletquam

135 2232 212 2307 recia
222 2234 354 2308 iudicia
372 2232 416 2309 de
432 2234 602 2310 societate
611 2231 713 2308 ciuili
728 2232 823 2308 'rebe
832 2232 1092 2308 constituenda.
1106 2235 1190 2311 Ser·
1281 2236 1286 2246 ’

136 2360 242 2421 vatum
260 2348 332 2423 hoc
362 2348 502 2423 nostrae
527 2346 645 2430 aetati,
664 2357 703 2417 vt
705 2344 828 2456 ,quod
848 2346 1008 2443 primunr
1035 2344 1193 2427 Graecia

135 2461 350 2552 excoluerat,
382 2458 636 2590 philosophiae
663 2470 791 2555 caput,
831 2481 908 2536 non
934 2458 1049 2536 modo
1076 2454 1189 2540 subti-

134 2570 212 2664 lius,
242 2577 499 2672 verumetiam
522 2575 659 2650 maiore
679 2594 782 2649 cum
793 2571 1018 2670 simplicitate
1043 2579 1091 2651 et
1106 2599 1190 2709 per-

135 2665 300 2805 spicuitate
326 2689 586 2788 explicaretur.
651 2684 757 2763 Faxit
780 2690 894 2766 modo
918 2688 1029 2778 deus,
1077 2705 1118 2765 vt
1147 2693 1241 2768 ιιι·

135 2789 200 2878 hoc
209 2808 321 2904 capite
337 2801 652 2901 interpretandoa
677 2797 769 2876 sanis
795 2801 1058 2902 interpretandi
1080 2829 1194 2902 regu·
1210 2799 1219 2817 ¹

135 2909 171 2989 iis
186 2941 227 2992 ne
241 2914 438 2996 defleciant
456 2916 644 3002 homines,
665 2914 709 2990 ad
724 2937 821 2992 noua
838 2938 1007 3048 quaeque
1022 2911 1192 2994 ationitis

134 3035 300 3108 mentibus
321 3029 493 3108 ruentes!
538 3028 634 3122 Quis
661 3052 736 3105 non
756 3034 930 3131 miretur,
968 3035 1046 3107 iura
1066 3033 1189 3107 ciuilis
1234 3063 1239 3071 ·

135 3128 305 3235 societatis,
317 3169 416 3248 quae
441 3147 610 3236 omniurn
626 3145 742 3241 prima
762 3145 898 3240 cuique
917 3155 954 3217 et
978 3145 1123 3241 pupulo
1149 3146 1209 3220 et'

135 3251 261 3334 homini
278 3277 372 3336 nota
390 3254 458 3336 effe
476 3258 670 3343 deberent,
707 3259 756 3331 ita
774 3269 812 3330 et
826 3257 1187 3332 dominationisarti
1225 3270 1229 3281 “
1255 3335 1257 3342 ,

135 3367 190 3444 bus
206 3388 241 3447 et
262 3345 558 3471 superstitionum
576 3370 734 3448 tenebris
753 3384 790 3445 et
803 3369 916 3468 longa
934 3367 1103 3444 seruitute
1119 3362 1192 3449 effe
1212 3433 1215 3438 .
1291 3364 1294 3370 ’

136 3484 325 3575 obscurata,
363 3500 399 3562 vt
415 3489 474 3561 vix
495 3487 612 3560 nostra
628 3485 775 3576 tandem
800 3482 915 3558 aetate
932 3506 972 3558 ea
989 3482 1189 3580 publiceae
1241 3574 1244 3586 Ι

134 3598 239 3694 palam
260 3599 424 3700 profiteri
443 3589 592 3679 liceret?
628 3591 746 3693 Igitur
771 3597 1038 3696 antiquioribus
1065 3599 1190 3672 aetati·
1299 3600 1303 3608 ’

136 3710 193 3786 ιιι
208 3717 231 3788 ιι
249 3713 335 3813 ipfi,
371 3714 437 3812 qui
469 3710 651 3788 seruitutis
675 3704 809 3807 ¹iugum
832 3735 853 3786 a
878 3709 913 3785 se
940 3725 1195 3798 remoueranq
1249 3736 1254 3750 ·

133 3823 320 3916 ignorabunt
336 3825 578 3926 plerumque,
599 3820 834 3920 quibusmodis
850 3836 882 3901 ct
898 3823 1067 3926 praefidit
1090 3823 1189 3902 liber·

134 3945 219 4014 tatem
244 3945 443 4040 instituerent
465 3964 504 4015 ar
521 3936 720 4040 stabilirent.

233 4087 413 4184 Restituta
432 4105 550 4184 fuerat
567 4103 689 4182 Media
710 4071 858 4180 libertas
871 4154 893 4193 ,·
906 4098 951 4180 ab
973 4101 1132 4187 Arbace,
1151 4111 1212 4178 vt·
1239 4045 1247 4064 ⁴

135 4217 317 4314 probabile
340 4217 399 4312 fit,
440 4218 617 4319 generoso
641 4217 812 4407 ιιοιιιιιιε,
842 4216 1193 4395 permistumquefrt

746 4355 770 4405 2
1135 4347 1214 4418 ιιι,
1308 4365 1312 4373 .
