2967 4950
1128 165 1135 208 κ
1191 150 1321 175 Γ...

231 516 236 525 .
298 356 516 569 rrslitnendi
546 395 762 523 trberrnrem'
786 364 1021 549 reipublicae.
1067 376 1201 547 ¹'335
1342 548 1347 557 ,

136 672 144 708 ς
242 624 461 721 Scribuntur
470 696 487 727 ‚.
509 634 815 725 Commilito'nes,
842 656 942 736 ‘quae
964 637 1021 714 his
1044 639 1201 738 pagellis

129 754 294 850 proponi
318 752 457 845 solent,
499 746 641 851 ingenii
667 752 792 849 potius
817 750 916 844 lusu,
954 743 1202 850 quam'studii

133 866 341 947 intentione
378 881 415 971 et
445 863 856 963 doctrinaeapparatu,
894 865 1202 966 quandoquidem
1281 893 1287 913 ‘-

132 980 303 1077 persooa‚
342 999 509 1080 tempus,
540 978 734 1058 confilium
759 977 928 1056 subtilem
954 973 1104 1080 operam
1132 1005 1202 1070 nec
1260 1035 1268 1043 -

133 1092 437 1203 desiderantum
461 1093 671 1170 admittunt.
712 1094 713 1098 ’
749 1091 900 1191 Arrepto
933 1096 1047 1191 igitur
1078 1118 1131 1173 eac
1156 1096 1201 1172 iis
1286 1153 1288 1158 -

131 1210 269 1298 rebus,·
302 1232 396 1307 quae
435 1231 521 1287 cum
557 1208 719 1281 maxime
747 1220 963 1301 agerentur,
997 1209 1201 1301 occasione,
1322 1224 1327 1236 ’

129 1324 384 1419 antiquiorum
409 1334 631 1418 temporum.
646 1318 826 1418 exemplis
848 1319 1076 1407 declaratum
1091 1323 1203 1400 dede·

129 1459 254 1511 ramus
282 1458 312 1510 a.
331 1430 560 1511 LXXX1X.
592 1426 772 1511 'libertatem
790 1435 994 1533 populorum
1008 1504 1010 1512 ,
1024 1463 1106 1540 raro
1130 1465 1203 1520 cam

129 1552 253 1645 magno
280 1548 327 1623 ari
358 1547 550 1649 cornubia
576 1558 820 1647 r'ecrrprratamr
863 1545 1108 1629 scribebamus
1140 1550 1204 1632 ista
1257 1583 1259 1586 ·
1309 1572 1312 1581 '

129 1664 231 1739 inter
255 1661 501 1739 exultationes
537 1675 573 1738 et
606 1662 894 1755 exclamationes
920 1662 1204 1751 multorum‘cx

122 1791 342 1875 ,recuperata
358 1800 377 1855 a
391 1774 508 1853 Gallis
525 1774 702 1863 libertate.
742 1775 824 1855 Αιιι
840 1776 1053 1876 prolnfione
1071 1800 1102 1853 a
1113 1774 1202 1856 XC
1278 1854 1280 1858 .

134 1892 247 1999 Operm
270 1915 365 1988 regar
355 1888 586 1979 Macedonici
600 1888 789 1977 annorum,
817 1896 1011 1967 attritorum
1029 1904 1061 1967 rt
1078 1894 1206 1994 auersa·
1322 1915 1324 1926 ¹

129 2034 206 2083 ram
227 2032 287 2083 cau
311 2030 338 2082 rr
358 1984 584 2136 probabilibus
611 2001 807 2103 expofitii,
842 2006 1157 2082 occurrebamus·
1146 2030 1206 2084 ru·

129 2110 236 2199 diciis
247 2141 407 2215 eorum,
415 2122 503 2219 qni
527 2120 789 2217 imperiorum
816 2118 863 2194 ad
887 2120 1076 2207 interitum
1095 2143 1204 2220 ruen-

130 2240 248 2323 tium,
279 2234 370 2345 'uitia
391 2245 427 2309 et
453 2228 622 2316 canisae
612 2256 650 2307 ιιι
673 2229 875 2307 nouiilrmis
902 2249 1102 2331 quaerunt,
1133 2256 1204 2313 nec

130 2350 279 2437 uident,
306 2348 477 2432 semina
467 2370 507 2422 ιιι
521 2345 678 2446 iisipfis
703 2343 772 2423 elle
797 2344 888 2435 sata,
927 2368 991 2446 per
1017 2369 1111 2446 qna-e
1135 2350 1204 2423 im·
1238 2436 1242 2441 ,
1327 2430 1330 2438 ,

130 2466 233 2563 peria
256 2464 392 2564 opibus
423 2485 467 2544 ac
486 2463 609 2560 copiis
642 2455 712 2538 suis
727 2483 850 2576 quana
876 2461 1035 2539 maxime
1059 2460 1202 2552 florere,
1246 2458 1275 2538 f

130 2580 282 2656 fortuna
304 2577 470 2654 exultare
491 2576 574 2652 sunt
600 2576 720 2693 ιιιι;
732 2599 819 2652 cum
842 2575 993 2652 fortuna
1015 2567 1205 2673 moderate

131 2697 219 2782 vti,
215 2692 500 2804 ιψςιιιιιιειιι,
533 2665 833 2796 temperantiamr
871 2692 1137 2778 continentiam
1162 2695 1208 2775 in
1343 2708 1364 2740 ··
1402 2799 1407 2811 Ι

131 2809 322 2909 copiarum
341 2805 525 2882 affluentia
543 2807 719 2893 retinete,
747 2803 947 2925 pestilentis
972 2805 1087 2881 luxus
1113 2829 1204 2882 con·

130 2925 294 3022 tagium,
339 2944 386 3018 ne
413 2943 570 3018 corpora
594 2933 631 2995 et
654 2920 799 2995 animos
824 2918 968 3041 frangat
997 2943 1039 2997 ac
1030 2886 1202 3019 perdat.
1235 2991 1246 3002 .
1316 2968 1319 2975 ·

131 3051 316 3126 auertere,
344 3011 464 3110 multo
487 3037 609 3119 minus
633 3024 757 3110 datum
775 3030 817 3109 fit
834 3026 984 3135 populis
1004 3057 1115 3139 quam
1131 3057 1204 3133 pn
1263 3074 1268 3085 ι
1319 3060 1323 3069 ·

132 3153 235 3228 satis.
295 3149 443 3227 Annos
440 3162 600 3247 equente
615 3143 719 3226 XCI.
738 3147 809 3225 alia
825 3150 1105 3248 opportunitate
1121 3150 1204 3232 data

131 3264 326 3342 fortunam
345 3264 504 3340 vidimus
527 3263 607 3338 satis
630 3261 796 3341 miseram
824 3285 866 3337 ac
891 3259 1052 3337 flebilem
1078 3285 1202 3360 regum,
1254 3265 1258 3272 '

132 3385 190 3482 qai
206 3407 228 3456 a
238 3369 309 3483 sair
325 3375 445 3479 sagati
472 3389 606 3454 externa
626 3401 686 3474 apr
700 3380 734 3450 in
752 3401 887 3470 regnum
902 3374 1043 3473 fucrant
1066 3370 1202 3460 rabani.
1326 3421 1328 3427 ·
1407 3402 1408 3407 ¹

131 3496 270 3594 Agite
259 3519 298 3570 m
317 3491 515 3592 praesenti,
546 3475 852 3617 quandoquidem
874 3483 1018 3586 aliquid
1040 3487 1205 3587 praefan-

130 3609 222 3686 dum
252 3609 301 3685 est
324 3605 544 3707 praeconio,
583 3604 691 3699 eique
717 3601 875 3701 duplici,
911 3601 950 3677 ric
973 3603 1205 3707 anniuersariis

123 3721 233 3827 farris
261 3735 299 3799 et
326 3725 406 3798 notri
433 3721 641 3818 magistratus
665 3715 836 3820 auspiciis.
870 3715 1070 3794 videamus
1086 3717 1204 3827 forto.

129 3861 218 3914 nam
241 3859 283 3914 ac
314 3830 512 3912 fuscellum
538 3841 712 3909 conatuum
732 3829 874 3908 Senatus
889 3832 1035 3927 Romani
1048 3831 1114 3938 sub
1134 3833 1203 3910 Im.

127 3949 340 4053 parcioribus
361 3947 573 4050 restituendae
598 3944 757 4022 libertatis
776 3944 954 4045 praticae·
993 3951 998 3970 '

246 4063 415 4156 Docebit
434 4061 508 4161 ipsa
526 4084 583 4139 res
608 4061 867 4159 exemplorum
887 4061 1121 4138 documentis
1138 4057 1203 4136 ad·

130 4177 289 4260 modum
304 4175 488 4266 luiluosts,
507 4178 546 4254 in
562 4174 768 4280 populispir
777 4175 1007 4280 pcacpatcntcr
1017 4168 1204 4276 paucorum
1298 4220 1303 4230 ·

1127 4309 1203 4390 oper
