2967 4950
364 383 665 485 ΡΡΡΡΡ
690 333 993 486 ΡΡΡΡΡΡ
1107 323 1244 520 'aas‘¹
1297 323 1302 330 ’

120 521 122 533 ¹
118 595 251 679 ergo
263 573 326 649 abr
345 595 466 652 rerum
486 575 626 674 potitus
645 575 706 664 eli,
722 569 808 673 (sub
826 587 911 651 ante
928 571 971 654 C
989 596 1076 670 134.
1066 563 1122 678 )
1120 599 1226 652 omnes
1315 565 1318 570 ’

117 686 286 765 interm
290 685 510 787 sidoniosque
521 717 622 786 regno
631 675 741 789 expui
731 685 782 790 ffb
799 689 933 769 fertur:
952 711 1058 792 quae
1071 692 1223 808 quidem

115 824 219 880 res
240 801 675 900 grauissimarumuerum
710 815 866 880 euentus
894 799 1077 882 adduxit.
1125 801 1224 882 Cum
1312 885 1315 890 ,
1377 879 1380 889 .

113 917 258 992 enim
285 916 518 1009 Alexandria
524 922 666 995 artium
692 917 1002 1048 litterarumque,
1032 941 1149 1017 acque
1177 941 1222 996 ac
1288 969 1294 982 ι

112 1035 475 1120 commerciorum,
490 1055 608 1131 copus
620 1056 754 1108 exrmre
769 1046 860 1111 tunc
871 1032 1037 1111 floreret
1057 1032 1254 1132 dispersis

110 1165 220 1242 per
239 1143 353 1220 ΗΗΡΡΡΡ
372 1162 409 1221 et
436 1145 569 1223 insulas
593 1145 768 1221 exulibus
798 1147 929 1224 artium
952 1163 990 1225 et
1017 1145 1242 1227 litterarum

109 1257 267 1333 studia
306 1261 444 1356 ruique
486 1258 723 1348 reuixerunr,
769 1281 865 1358 quae
900 1263 1085 1338 continuis
1122 1265 1222 1339 inter

154 1394 258 1468 reges
289 1373 336 1448 de
364 1371 565 1451 Alexandri
595 1372 797 1469 hereditate
828 1372 940 1451 bellis
972 1374 1148 1452 extinila
1153 1367 1220 1454 aut
1329 1453 1337 1458 .

104 1570 106 1577 ,
152 1484 339 1563 obscurata
364 1486 518 1566 fuerant
592 1464 696 1566 Faria
723 1483 773 1576 ΗΡ
806 1491 1074 1588 nauigationis,
1116 1511 1220 1569 com·

151 1602 392 1690 merciorum,
420 1604 563 1688 artium*
577 1603 802 1681 incrementa
819 1602 970 1681 multis
961 1628 999 1681 ur
1018 1605 1142 1696 terris3
1179 1615 1219 1695 et
1355 1639 1359 1647 ¹

149 1737 238 1791 cunr
259 1715 388 1791 litteris
406 1709 664 1793 Alexandrinis
686 1714 937 1847 philosophia,
967 1719 1120 1793 orientis
1146 1718 1220 1794 ianr

150 1841 230 1905 tum
253 1810 396 1918 litteris,
426 1827 576 1908 Iudaica
598 1833 758 1908 maxime
778 1830 980 1930 disciplina,
1007 1829 1273 1913 Platonicae

147 1943 312 2033 aemula,
342 1944 505 2034 imbuta,
535 1945 644 2020 latius
661 1943 788 2021 diffusa
812 1945 966 2044 prolufit
984 1960 1021 2022 et
1042 1938 1137 2023 viam
1157 1969 1220 2045 pa-

146 2037 295 2134 tesecit
309 2079 401 2136 mox
433 2027 620 2138 dosirinae
659 2057 883 2136 christianae.
957 2055 1091 2139 Didi
1081 2079 1217 2159 itaque,

143 2171 277 2270 paullo
292 2170 389 2248 sorte
402 2170 640 2260 ambitiosius,
652 2169 892 2248 Alexandrini
906 2169 1071 2252 erudiise
1086 2196 1216 2249 ornnes

145 2281 311 2369 Graecos
330 2299 367 2363 et
387 2287 572 2382 barbaros,
589 2309 676 2364 cum
695 2285 838 2363 litterae
854 2308 896 2362 ac
913 2285 1153 2385 disciplinae
1144 2309 1217 2366 rana

143 2395 376 2495 desecillentt
405 2400 570 2501 sailaque
593 2396 662 2477 else
680 2421 747 2501 per
772 2421 836 2477 eos
862 2402 1063 2477 litterarum
1086 2401 1218 2475 inllau-
1245 2488 1247 2497 Ι

145 2517 242 2593 ratio
259 2509 314 2619 y).
326 2530 333 2537 ’
353 2514 520 2594 Adeoex
537 2517 736 2622 deterrimo
755 2516 860 2613 regni
870 2514 1108 2593 Alexandrini
1128 2515 1218 2611 statu

148 2629 342 2720 utilitates,
389 2630 525 2707 studus
548 2651 701 2730 quoque
726 2629 910 2718 litterarii,
950 2640 1143 2705 manarunt
1170 2627 1263 2709 ad

146 2765 299 2821 omnem
318 2758 494 2823 terrarum
511 2747 652 2821 orbem.
681 2733 1082 2864 Vtinamverge'ntinus
1097 2744 1217 2823 nollra

140 2870 264 2977 aetate
284 2859 329 2935 ad
347 2860 549 2936 barbariem
575 2859 720 2937 rebus
709 2880 748 2934 rn
775 2858 919 2958 populo
937 2842 1128 2958 quondam
1146 2856 1217 2935 Ηο·

140 2950 348 3061 'rentilliuro
374 2948 503 3050 fimilia
525 2970 728 3098 aliquando
755 2971 911 3073 sperare
920 2970 1097 3056 liceat!

255 3114 420 3196 Admota
445 3128 567 3221 tamen
594 3115 723 3195 iudicii
755 3114 953 3193 subtilioris
985 3115 1064 3193 sace
1092 3134 1247 3210 neque

145 3250 263 3307 nunc
275 3252 359 3307 vere
380 3231 456 3307 dici
475 3244 570 3310 artes
592 3252 613 3317 a
624 3224 831 3331 Physcone
848 3228 990 3325 fugatas
1012 3226 1213 3332 apparebit.

144 3342 240 3422 Non
266 3358 340 3421 tarn
363 3341 479 3422 litteris
494 3342 559 3427 ille
575 3342 755 3420 dicendus
780 3352 857 3417 erat
873 3355 909 3416 et
925 3340 1084 3424 artibus,
1111 3338 1215 3435 quod
1361 3398 1364 3414 .

105 3508 109 3516 ,
143 3479 261 3535 nemo
285 3479 363 3535 non
385 3454 558 3557 prorsus
553 3453 734 3546 insaniens
759 3452 904 3541 lecerit,
942 3434 1007 3528 sed
1025 3450 1216 3541 horribilius,

131 3593 215 3675 ,qur
203 3571 376 3671 flagitiis
396 3585 433 3648 et
448 3566 616 3647 nefandis
639 3564 879 3653 libidinibus,
906 3563 1104 3666 quibuse
1070 3565 1104 3643 [Ρ
1119 3556 1256 3644 con·

117 3688 359 3773 ruminabat,
379 3680 560 3763 velificari
568 3680 727 3765 nollent,
758 3681 912 3757 exitium
929 3674 1101 3761 struxisse
1133 3680 1220 3761 Sce-
1280 3762 1288 3769 ,
1336 3717 1343 3730 =

142 3800 270 3881 lerum
285 3800 388 3879 enirn
402 3814 442 3879 et
457 3797 662 3879 nemorum
679 3792 912 3885 couscientia,
932 3796 1051 3874 odio
1039 3818 1079 3873 sn
1097 3796 1247 3885 bnuos

550 3920 562 3945 ’
707 3904 826 4009 lies
985 3931 1220 4014 *omncs
1361 3997 1366 4014 ,

188 4081 241 4163 y)
260 4074 418 4150 draitona
437 4076 615 4149 παιδείας
594 4074 726 4157 aedona
762 4094 795 4141 Ρ.
811 4074 917 4142 locum
936 4096 976 4143 err
990 4073 1132 4141 Manuale
1146 4070 1222 4137 lirr-

261 4184 339 4228 cseo
353 4173 388 4228 et
405 4163 556 4229 Androne
570 4154 782 4230 Alexandrlon
796 4160 829 4227 ln
838 4160 1023 4233 Chronico
1042 4178 1090 4243 ap.
1103 4157 1222 4225 Athen.

172 4241 176 4247 ’
261 4244 492 4335 IV.1r·.18413
518 4239 1053 4332 cr.01nn.mavnu1.psz.

1366 3103 1372 3116 .
1384 3076 1385 3115 l

1382 3144 1384 3188 l
