2967 4950
480 439 730 583 mfinundir
748 442 865 539 irrisis.
913 454 916 459 '
984 559 986 568 ,
1046 542 1049 547 ,
1119 468 1205 586 529

137 677 186 732 ex
199 651 428 755 temporibus
446 621 635 753 otoapere
657 612 746 730 iicet
762 652 811 729 ud
823 604 1021 756 msrqumtso
1045 676 1201 757 eaquae
1264 706 1267 717 ·
1391 690 1392 755 ;

136 759 306 847 mandata
329 784 368 845 et
386 768 549 844 iniustis
570 766 674 859 suut,
707 770 759 844 ita
777 764 982 871 confiliotum
999 772 1129 871 summo
1153 774 1200 849 ab
1252 794 1254 799 ·
1391 760 1392 815 Τ

136 885 245 960 initio
261 886 311 959 ita
328 883 521 961 constituta
535 884 623 971 -erit,
648 892 688 957 vt
704 884 744 958 in
764 885 954 959 cantutari
973 877 1079 974 nihii,
1105 884 1201 963 nihil

136 997 222 1075 addi
241 994 596 1094 subtrahiuepoiiit3
626 990 768 1093 alioqui
792 1020 921 1095 purum
942 996 1145 1087 deliberato
1163 1013 1201 1077 et

138 1110 305 1189 consulto
335 1115 375 1187 in
406 1110 547 1190 bellum
574 1105 681 1185 ruisse
714 1110 878 1208 populus
911 1111 1090 1191 dicendus
1118 1118 1198 1193 erit.

97 1245 98 1248 ’
138 1224 425 1302 Constatautem
447 1213 677 1329 historiarum
695 1223 789 1313 fide,
820 1218 937 1301 multa
959 1228 1054 1303 belsa
1073 1224 1201 1327 suscipi
1290 1259 1294 1272 ·

137 1364 182 1417 ac
205 1343 285 1437 geri
301 1338 368 1426 sie,
402 1354 442 1413 vt
458 1353 586 1415 neutra
606 1360 690 1437 pars
717 1338 1018 1423 satis'deiinitum
1043 1364 1087 1447 acl
1107 1366 1212 1421 con«
1241 1386 1243 1391 ·

135 1456 300 1533 stitutum
318 1453 472 1541 habam,-
499 1453 592 1551 quid
611 1450 759 1527 tandem
779 1451 880 1529 besso
900 1453 1075 1554 consequi
1093 1456 1201 1551 velit3

137 1584 180 1644 vt
200 1570 291 1645 adeo
323 1581 459 1643 temere
483 1583 520 1642 et
544 1566 648 1643 nulla
673 1578 770 1642 certa
796 1590 882 1644 curn
914 1564 986 1643 fine
1019 1570 1126 1644 etiam
1153 1572 1201 1647 de

136 1707 226 1783 pace
256 1681 483 1759 consultetur
513 1695 551 1757 et
587 1682 819 1777 transigatur.
899 1678 998 1778 Raro
1028 1682 1202 1782 fortunas
1256 1696 1259 1705 '

136 1812 235 1874 tanta
254 1798 303 1872 est
321 1796 539 1884 constantia,
574 1809 612 1870 vt
632 1818 674 1870 ea
694 1795 740 1871 ad
766 1796 975 1873 maioradta
998 1795 1125 1887 ducat,
1162 1811 1203 1874 vt

138 1936 187 1988 err
209 1912 264 1987 his
303 1911 372 1987 alia
406 1924 490 1985 tuto
514 1910 646 1985 tentari
672 1907 816 2006 possint„
883 1908 1203 1989 Alexandrotam

135 2028 311 2104 nouimus
343 2024 436 2101 alius
467 2046 514 2097 ex
545 2024 624 2098 aliis
656 2019 830 2097 successus
856 2022 1025 2123 obtigisse
1050 2026 1203 2104 fortuna

135 2156 210 2219 tam
233 2142 410 2239 propitia.
439 2151 508 2241 vt„
527 2141 592 2236 qui
611 2134 709 2213 Aiiae
734 2136 831 2211 sorte
858 2152 1055 2214 contentus
1077 2141 1203 2219 littore

134 2251 280 2351 suisset,¹
311 2254 470 2328 vidonis
498 2266 673 2350 tauquam
694 2250 804 2325 -aesiu
829 2252 1002 2351 abreptus
1025 2254 1065 2329 in
1084 2253 1202 2337 altum

136 2370 283 2446 enudus
301 2381 416 2445 totam
442 2362 563 2443 Asiam.
576 2365 796 2468 subiugaret.
856 2360 1036 2443 Videmus
1052 2369 1099 2445 ab
1122 2367 1202 2453 aliis

136 2485 235 2562 bessa
256 2479 534 2560 commota'esse
560 2483 623 2574 iris
648 2497 685 2558 et
709 2479 804 2555 odiis
833 2494 995 2557 extrema
1022 2481 1205 2562 suadenti·
1285 2509 1289 2514 ·

135 2603 228 2690 bus,
269 2601 319 2674 it'a
341 2607 379 2674 v't
402 2620 444 2673 ea
463 2594 648 2697 proposita
673 2592 807 2683 essent,
843 2613 938 2693 quae
963 2593 1098 2695 assequi
1121 2617 1201 2674 non

132 2711 299 2818 possent,
336 2709 404 2787 nist
421 2711 597 2788 fortunat
620 2707 758 2784 casibus
781 2711 888 2784 variis
918 2709 1204 2810 multiplicibus·¹

131 2854 209 2930 que
233 2826 496 2903 incredibiliter
514 2826 687 2901 inunum
710 2821 1026 2922 conspirantibus,
1066 2830 1205 2925 quibus
1263 2929 1265 2935 s

131 2967 251 3025 nemu
267 2942 399 3046 paullo
414 2940 611 3038 sapientior
632 2959 755 3014 rerum
782 2936 957 3048 summam
975 2943 1204 3036 committam

128 3039 283 3145 110ssss
311 3055 688 3155 praeteropiniouem
703 3075 761 3130 res
778 3041 1004 3142 ceciderint}
1026 3055 1072 3130 ad
1093 3057 1205 3131 ratio*-

129 3197 203 3251 nes
221 3171 515 3272 pacisineundas
532 3180 674 3245 tantum
698 3189 778 3243 non
801 3167 944 3268 {inpete
972 3164 1111 3244 necesse
1131 3169 1227 3269 eng

126 3289 364 3366 nonminus
383 3304 495 3382 quam
512 3307 593 3370 eos,
623 3284 688 3381 qui
707 3281 761 3356 nis
789 3279 855 3356 nisi
882 3280 1067 3359 excidium
1091 3279 1203 3359 hostis

124 3384 414 3487 minaticum,
456 3420 541 3500 cum
567 3397 615 3475 ad
641 3418 726 3472 eum
753 3392 812 3470 vel
839 3395 1206 3492 reprimendumvix

124 3521 272 3594 virium
296 3513 376 3590 satis
401 3508 495 3590 esset.
554 3507 669 3607 Atqui
685 3507 856 3586 Romanor
879 3508 1142 3588 fatendum.est
1164 3513 1206 3588 in
1271 3539 1275 3552 ¹

126 3629 328 3734 plerisque
356 3628 474 3723 bellis
490 3623 755 3720 consciscendis
780 3621 980 3700 deliberate
1012 3635 1049 3703 et
1073 3623 1206 3715 sedate,

126 3746 284 3844 opibus
304 3743 375 3818 suis
400 3755 437 3818 et
466 3739 578 3816 hostis
613 3738 785 3838 utrinque
817 3738 1020 3826 trutinatis,
1065 3741 1207 3832 ceteris.

127 3863 291 3960 quanin
309 3854 637 3962 considerationem
651 3855 833 3941 veniunt,'
851 3855 1082 3954 ponderatis,
1107 3854 1208 3954 ipsis·
1250 3879 1254 3893 ·

126 3997 215 4074 que
234 3972 323 4048 beili
342 3968 479 4046 casibus
494 3966 908 4054 inrationesadhibitis,
932 3969 977 4044 oi
990 3970 1084 4046 initio
1092 3971 1214 4069 statim

118 4092 237 4194 finem
251 4086 317 4189 fibi
338 4081 541 4189 praefimffe,
572 4084 745 4181 adquam
765 4081 905 4160 beli-um
933 4082 1209 4182 perduceretur.

126 4225 299 4301 eantque
316 4201 429 4285 talem,
458 4225 556 4298 quum
569 4196 785 4299 probabisiar
801 4193 921 4299 affequi'
938 4195 1064 4286 sitnm
1090 4207 1210 4298 quuin'

173 4322 508 4423 nostrumnon.
521 4329 660 4406 Voth.
814 4308 869 4388 Ll
1085 4319 1209 4398 autem
1338 4365 1340 4370 -
