2967 4950
456 397 534 542 ‚nl
557 398 680 568 lmnp.
709 448 911 540 Romarm.
1073 429 1077 440 ’
1142 467 1230 564 213

149 647 1233 756 emendatas,perfcdac‚rerumsubtilioredilpolltione,lru·

147 769 332 848 liuofiorc
342 746 609 860 enucleatione,
625 771 821 871 expolitas,
835 793 903 870 per
921 771 1103 872 quodque
1119 769 1232 874 lemrr·

145 884 219 961 stre
230 881 739 989 ellehabendasiitaetyobis,
751 881 876 974 Ciues,
886 883 1229 985 adintelllgendum

146 999 188 1074 in
208 1013 360 1097 promto
378 1001 448 1088 est,
470 1003 510 1075 in
528 1003 639 1076 tantis
656 1002 863 1077 litterarum
874 1001 1231 1091 incrementic,·tanr

145 1111 222 1188 late
241 1114 393 1212 prolatis
416 1115 621 1193 studiorum
636 1115 928 1191 academicorum
945 1113 1102 1201 finibus,
1121 1113 1229 1190 annis

98 1310 99 1313 a
146 1240 284 1305 contra
304 1229 396 1307 huic
412 1229 600 1320 curriculo
619 1225 793 1334 conceffis
816 1227 1050 1328 paucioribus
1073 1240 1111 1304 et
1135 1243 1230 1304 tem·

143 1362 244 1441 pore
266 1341 470 1419 studiorum
486 1337 784 1441 circumieripto,'
813 1354 853 1416 vt
867 1354 988 1418 tamen
1008 1339 1229 1440 cxpectatio-

144 1477 242 1529 nem
259 1453 461 1553 aliquando
477 1453 524 1529 de
543 1455 667 1531 vestris
692 1441 916 1555 profetiilrric
944 1455 1104 1546 futuram
1129 1454 1229 1532 sulli-

143 1567 290 1655 neatis,
328 1568 557 1665 diligentiam
581 1569 687 1647 vobis
714 1584 751 1644 er
773 1568 985 1645 industriam
1012 1565 1082 1648 elle
1106 1568 1227 1647 multo

144 1684 291 1788 magis,
315 1703 427 1787 quam
446 1683 611 1789 partibor
632 1683 778 1779 vestris,
806 1682 1085 1770 intendendam.

158 1921 161 1925 ’
261 1905 340 2003 lam
357 1902 401 1991 ad
419 1913 521 2010 prius
544 1909 659 2002 illud,
687 1923 729 1989 rt
744 1909 791 1989 de
806 1911 1065 1990 incolumitate
1081 1911 1225 1989 nollrae
1282 1939 1285 1948 ·

147 2019 372 2106 Academiae
394 2027 645 2133 omnibusque
676 2049 771 2126 quac
797 2026 948 2128 publice
973 2028 1224 2126 priuatimque

149 2150 247 2235 grata
263 2136 416 2230 aolaeta
426 2141 464 2216 in
481 2163 550 2216 nos
564 2139 648 2216 lunt
659 2139 1018 2238 profcilalaetemur¹
1029 2153 1067 2216 et
1076 2154 1224 2237 gratum

150 2254 360 2342 animorum
380 2251 519 2354 leolum
543 2253 694 2353 publice
714 2253 964 2332 declaremus:
989 2253 1168 2329 sollennia
1185 2255 1226 2328 in

150 2366 341 2459 crastinum
368 2366 466 2443 diem
490 2367 576 2445 lunt
602 2357 821 2457 indicenda,
859 2387 960 2443 anno
984 2367 1120 2459 iterum
1146 2389 1227 2442 rer·

150 2490 287 2570 tentem
309 2504 386 2582 quo
396 2482 614 2560 Academiae
630 2482 772 2570 nostrae
790 2480 1014 2563 incunabula
1029 2504 1224 2563 numerare
1316 2466 1322 2481 ⁸
1357 2582 1363 2591 .

144 2591 320 2677 solemus.
389 2597 552 2676 Accedet
575 2596 633 2673 his
659 2582 888 2679 sollennibus
913 2584 1028 2675 caussa
1052 2596 1122 2674 alia
1147 2596 1223 2673 lac·

150 2708 246 2786 tandi
272 2733 321 2787 ac
345 2711 557 2810 gratulandi
585 2732 702 2813 eaque
731 2710 935 2811 admodum
957 2715 1222 2798 memorabilis.

151 2819 267 2914 Quam
278 2827 383 2901 enlm
394 2836 478 2901 ante
489 2838 651 2925 quatuor
665 2825 734 2905 hos
745 2848 864 2923 annos
881 2824 1039 2907 laetitiae
1052 2826 1224 2929 poblicac

152 2935 187 3009 in
204 2939 286 3037 ἱρῆς
309 2934 560 3020 anniuerlartis
575 2939 681 3022 sacris
698 2932 797 3038 spem
819 2955 1050 3041 conceptam,
1083 2956 1122 3017 vt
1138 2938 1225 3020 effer
1275 3034 1278 3041 ι

132 3070 170 3123 e
194 3047 363 3151 Collegic
396 3038 578 3154 nostriset·
621 3055 687 3155 qui
727 3054 1013 3139 semisaeculares
1056 3057 1222 3139 muneris
1346 3051 1355 3067 '

152 3155 357 3249 Academici
381 3189 564 3253 numeros·
580 3156 809 3281 expleuillet,
842 3173 876 3244 b.
897 3168 1105 3265 Holmanni
1123 3186 1223 3244 mors

152 3274 313 3362 frollrata
329 3286 425 3369 eran
454 3306 652 3381 camnunc
667 3305 746 3360 non
767 3282 883 3365 modo
901 3264 1059 3358 ostendit
1076 3278 1225 3353 fortuna

153 3410 191 3467 ac
219 3381 465 3495 redintegrat,
512 3417 642 3478 rerum
675 3395 786 3471 etiam
813 3388 1021 3491 promillam
1048 3391 1225 3473 laetitiam
1291 3451 1297 3460 .

155 3510 492 3599 praeliatredlribet
520 3532 563 3588 ac
587 3499 830 3605 repraesentat
851 3507 890 3584 in
906 3526 986 3595 vvno
1011 3528 1031 3584 e
1053 3506 1225 3604 primori·

155 3614 219 3695 bur
244 3623 358 3701 nostri
384 3619 550 3722 Collegii
572 3620 618 3731 ad
642 3620 745 3696 hunc
768 3618 866 3701 diem
886 3617 1020 3697 diuino
1043 3618 1230 3704 beneficio

104 3753 107 3766 ¹
156 3726 313 3824 seruato,
341 3747 379 3812 et
394 3738 434 3819 in
451 3733 565 3819 cruda
581 3732 782 3820 senatrice,
803 3733 841 3807 in
860 3731 991 3813 virium
1007 3735 1161 3823 robore,
1180 3756 1224 3811 ac

156 3838 369 3927 valetudinis
388 3852 619 3949 integritate,
649 3848 746 3923 inter
764 3846 912 3927 luorum
931 3846 1083 3947 gaudia,
1110 3846 1225 3951 colle-

155 3974 299 4053 garum,
328 3962 585 4063 familiarium,
612 3974 651 4036 er
672 3960 859 4038 bonorum
878 3964 1046 4041 omnium
1066 3960 1228 4073 gratulaf

159 4070 285 4171 tiones,
301 4078 450 4155 adhaec
465 4076 538 4178 ipsa
553 4074 735 4156 sollennia
752 4072 970 4168 celebranda
987 4076 1225 4181 procedente,

624 4267 804 4397 '03
1102 4292 1225 4381 ,Gc
